3140 4762
727 261 939 324 *25*

161 433 167 445 ‘
283 429 376 496 vobis
400 433 585 520 ceterisque
615 431 741 498 civibus
771 431 805 497 in
829 440 921 498 tanta
943 433 1112 499 atrocitate
1136 435 1290 520 temporis
1313 443 1383 499 tan·

284 543 383 621 taque
405 535 648 622 perturbatione
671 535 717 602 rei
740 533 887 621 publicae
903 557 969 600 non
985 535 1095 602 differe
1110 537 1258 602 vestitu.“
1295 536 1386 604 Oicc·

282 660 404 720 ronern,
427 660 623 726 quamquam
645 637 831 704 consulares
855 639 962 723 sagati
984 640 1134 705 incedere
1157 662 1222 706 non
1238 640 1385 722 solerent,

283 750 391 807 tamen
407 744 525 808 vestitu
541 765 599 811 suo
614 742 920 829 periculosissimum
936 741 1056 808 bellum
1068 744 1138 828 geri
1149 746 1242 829 quasi
1255 743 1383 808 demon·

283 853 385 912 strare
407 845 549 912 voluisse
562 845 787 931 intellegimus.
823 843 878 910 Ex
892 847 987 912 tertio
1003 847 1142 935 deniquo
1156 846 1227 914 loco
1244 870 1264 912 a
1278 847 1384 912 Nonio

282 948 437 1017 Marcello
465 950 535 1030 „De
565 971 683 1034 genere
706 950 988 1016 vestimentorum“
1017 950 1077 1017 sub
1100 971 1181 1016 voce
1203 955 1384 1036 „sagum“1)

283 1051 417 1118 tradito:
441 1052 502 1133 „lll.
528 1051 695 1118 Tullius
719 1052 769 1116 ad
793 1051 1020 1119 Caesarem
1045 1056 1249 1120 iuniorem
1271 1053 1325 1121 lib.
1341 1054 1384 1119 1.:

284 1154 447 1235 „Pridie
469 1154 609 1222 Nonas
631 1156 894 1222 Februariae
924 1177 998 1221 cum
1021 1157 1063 1221 ad
1085 1167 1117 1222 te
1139 1158 1264 1223 litterae
1286 1179 1382 1223 manc

287 1257 458 1338 dedissem,
474 1257 626 1326 descendi
642 1260 684 1326 ad
699 1260 805 1324 forum
821 1267 964 1345 sagatus,
979 1281 1053 1325 curn
1068 1259 1183 1349 reliqui
1198 1263 1384 1328 consulares

282 1363 385 1446 togati
407 1361 526 1428 vellent
552 1362 765 1428 descendere“
782 1360 971 1429 Ciceronem
992 1386 1027 1428 re
1050 1387 1130 1428 vera
1152 1364 1255 1452 pridie
1271 1366 1383 1431 Nonas

282 1465 481 1532 Februarias
504 1485 618 1550 sagum
642 1467 818 1553 sumpsisse
842 1476 986 1553 apparet.
1037 1467 1161 1555 Itaque,
1183 1490 1257 1533 oum
1279 1468 1384 1555 pridie
1449 1546 1460 1568 .

282 1570 396 1635 Nonas
411 1568 624 1635 Februarias
657 1593 679 1634 a
709 1569 828 1658 populo
856 1569 1003 1635 Romano
1039 1592 1118 1656 saga
1151 1581 1280 1658 sumpte
1312 1594 1383 1638 esso

284 1674 364 1740 satis
387 1683 509 1739 certum
532 1674 583 1754 sit,
606 1681 756 1738 octavam
779 1696 823 1738 or.
845 1671 1060 1760 Philippidem
1084 1696 1112 1738 a.
1137 1673 1167 1741 d.
1189 1674 1249 1742 III.
1272 1676 1382 1744 Nonas

283 1776 481 1842 Februarias
503 1776 658 1854 habitam,
692 1799 720 1842 a.
744 1776 773 1841 d.
795 1775 851 1842 IV.
876 1785 983 1841 autem
1006 1776 1118 1842 Nonas
1141 1777 1339 1845 Februarias
1362 1805 1383 1847 a

283 1890 398 1946 senatu
419 1889 494 1967 post
513 1879 637 1966 legatos
661 1879 790 1947 auditos
811 1878 983 1946 tumultum
1007 1891 1103 1966 atque
1123 1883 1217 1948 tertio
1233 1883 1284 1948 die
1300 1905 1381 1968 saga

284 1984 441 2050 sumenda
464 1984 628 2048 decretum
651 2003 722 2048 esse
745 1984 927 2070 sequitur.²)
951 2021 983 2032 -
1016 1983 1109 2066 Quae
1132 1987 1325 2070 computatio
1350 1989 1377 2050 si

281 2098 372 2152 rocta
403 2096 468 2166 cst,
498 2086 668 2175 epistulam
698 2087 740 2152 ad
770 2089 847 2152 fam.
879 2088 971 2166 12‚4
1001 2099 1057 2153 aut
1086 2111 1114 2155 a.
1138 2087 1168 2156 d.
1189 2088 1247 2153 IV.
1268 2089 1378 2154 Nonas

285 2190 489 2270 Februarias,
513 2212 586 2256 cum
601 2188 716 2255 Cicero
739 2200 771 2255 et
793 2190 833 2254 de
856 2189 973 2274 legatis
985 2200 1017 2255 et
1032 2191 1073 2256 de
1088 2201 1220 2257 senatus
1235 2191 1380 2258 consulto

282 2292 336 2357 illo
359 2293 411 2356 dic
433 2293 518 2358 facto
541 2293 749 2358 vehementer
770 2292 958 2378 indignatus
982 2304 1075 2375 esset,
1098 2303 1155 2360 sut
1176 2295 1286 2382 paullo
1309 2305 1383 2383 post

285 2396 437 2483 scriptam
458 2417 528 2460 esse
553 2400 708 2476 censeo.⁸)
730 2435 772 2446 «-

456 2563 523 2650 Ep.
547 2565 590 2632 ad
611 2565 697 2632 fam.
722 2565 773 2643 12,
797 2567 840 2634 5:
880 2567 1001 2634 Cicero
1027 2569 1149 2636 (iussio
1171 2571 1209 2641 S.

370 2687 641 2754 Schuetnius:
670 2687 756 2770 „Son
788 2688 911 2756 Romae
939 2710 1049 2754 mense
1072 2689 1252 2762 Februario
1276 2689 1315 2754 A.
1340 2688 1379 2754 U.

102 2811 105 2815 ·
230 2885 233 2889 ,
286 2790 322 2856 o.
351 2792 439 2858 uos

371 2894 557 2960 Gruber:
581 2897 621 2959 cf.
644 2916 674 2980 p.
697 2895 748 2961 23.

371 2999 423 3063 Su
433 2998 552 3086 epfle:
567 2997 791 3078 „ScrsRomae
805 3020 917 3064 mense
932 2997 1112 3066 Februario
1129 2997 1167 3061 Α.
1185 2997 1224 3062 U.
1242 2998 1277 3065 Ο.
1291 2999 1380 3064 710.“

371 3102 496 3188 Frey:
520 3102 604 3181 „Der
630 3099 723 3164 Brief
742 3101 850 3166 istim
873 3103 1020 3169 Februar
1041 3100 1282 3186 geschrieben.“

370 3205 530 3271 Baiter:
554 3207 637 3286 „Sca
659 3205 782 3270 Romae
805 3228 915 3271 mense
938 3204 1118 3270 Februario
1143 3228 1170 3272 a.
1194 3227 1224 3270 u.
1247 3228 1275 3274 c.
1290 3206 1379 3271 mr*

371 3307 1379 3394 Wesenberg:„Scr.RomaemenseFebruarioa.uc.lll.“

371 3409 466 3477 Hanc
493 3411 663 3502 epistulam
694 3434 823 3494 omnes,
855 3434 990 3499 quorum
1020 3412 1195 3477 sententias
1219 3413 1381 3500 proposui,

285 3514 347 3578 viri
377 3514 462 3580 docti
489 3538 599 3582 mense
623 3515 802 3581 Februario
833 3516 985 3601 scriptam
1009 3536 1080 3581 esse
1102 3527 1312 3594 censuerunt3
1344 3539 1382 3580 ac

360 3754 388 3821 1)
408 3752 517 3808 Nonius
535 3752 623 3808 Mero.
642 3753 677 3806 ed
697 3753 821 3809 Gerlach
839 3758 866 3807 et
884 3752 958 3808 Roth
975 3771 1003 3824 p.
1021 3756 1081 3820 369,
1111 3770 1166 3825 quo
1185 3753 1246 3808 loco
1265 3753 1382 3808 Abeken

287 3856 338 3912 pro
366 3840 422 3910 „ad
445 3839 537 3895 forum
561 3845 705 3911 togatue‘v‘,
733 3839 810 3910 quod
830 3839 964 3896 traditum
983 3848 1040 3910 est,
1067 3842 1121 3907 „ad
1139 3839 1231 3895 forum
1250 3844 1381 3910 sagatum

287 3932 363 3982 recte
381 3927 508 3982 coniecit.

356 4017 385 4085 2)
405 4014 441 4070 cl.
460 4015 531 4070 Phil.
550 4017 574 4080 8,
596 4015 693 4078 1-10;
712 4015 824 4070 20-28.

356 4104 384 4170 3)
402 4102 509 4158 Eodem
534 4099 594 4155 fere
618 4100 664 4155 die
686 4116 730 4171 ep.
753 4100 790 4154 ad
813 4098 878 4154 fam.
906 4102 946 4166 10,
970 4104 1005 4158 28
1026 4102 1063 4155 ad
1085 4099 1267 4167 Trebonium,
1294 4117 1378 4170 qnam

288 4187 426 4259 epistulae
449 4188 486 4242 ad
511 4187 577 4243 farn.
605 4189 682 4257 11,4
706 4185 874 4242 simillimam
898 4202 959 4241 esee
977 4204 1058 4243 nemo
1079 4186 1207 4257 negabit,
1232 4193 1377 4242 exaratam

286 4289 348 4331 esee
366 4283 443 4347 puto.
