3140 4762
704 263 917 328 ..50-

350 436 415 522 Ep.
438 433 484 501 ad
505 433 547 498 M.
570 431 678 502 Brut.
704 436 739 519 1,
764 435 829 517 12,
851 456 947 520 quam
971 432 1084 499 Cicero
1106 434 1261 514 exaravit,
1283 455 1374 500 cum

264 541 305 607 de
334 539 460 627 Lepido
496 536 668 625 perfidiose
702 557 774 601 cum
803 537 846 603 M.
875 537 1018 602 Antonio
1051 538 1222 604 coniuncto
1252 548 1373 604 certos

263 645 394 710 nuntios
424 641 601 729 accepisset
632 640 686 725 (cf.
714 637 747 729 ξ.
772 644 806 706 1:
836 641 999 722 „Maximo
1029 641 1064 706 in
1091 641 1276 709 discrimine
1305 666 1373 710 res

262 747 401 835 publica,
409 747 520 829 Brute,
532 745 888 831 versaturvietoresque
899 766 1011 810 rursus
1020 744 1185 812 decertare
1197 747 1373 832 cogimur:

261 852 296 918 id
319 851 438 917 accidit
451 849 495 916 M.
513 849 630 935 Lepidi
651 847 770 914 scelere
791 855 824 913 et
835 850 981 913 'amentia
1003 900 1011 916 .
1032 903 1039 916 .
1063 899 1070 914 .
1093 871 1166 942 cum
1181 849 1372 916 honoribus

263 956 470 1044 amplissimis
499 977 519 1019 a
547 961 663 1018 senatu
695 959 782 1034 esset
809 950 953 1039 Lepidus
983 963 1129 1038 ornatus,
1162 965 1231 1019 tum
1259 956 1369 1020 etiam

262 1061 375 1148 paucis
398 1068 472 1124 ante
496 1057 610 1123 diebus
632 1058 815 1144 praeclaras
837 1054 961 1121 litteras
984 1055 1026 1121 ad
1048 1067 1194 1122 senatum
1210 1059 1369 1142 misisset,

262 1172 430 1251 reperte
459 1183 539 1226 non
569 1160 704 1225 solum
731 1159 896 1247 recepit
923 1160 1124 1246 reliquias
1157 1161 1365 1247 hostium,

264 1267 335 1332 sed
358 1265 511 1332 bellum
534 1263 733 1329 acerrime
754 1271 866 1328 terra
887 1266 1076 1351 marique
1094 1267 1224 1350 gerit,
1240 1268 1363 1330 cuius

263 1371 407 1436 exitus
430 1370 499 1456 qui
521 1368 691 1433 futurus
714 1368 787 1448 sit,
809 1368 1017 1433 incertum
1039 1367 1138 1455 est“)
1154 1391 1195 1434 ex
1209 1370 1259 1452 iis,
1275 1391 1362 1456 quae

264 1494 362 1560 supra
393 1471 433 1536 de
462 1480 618 1559 tempore,
652 1493 714 1559 quo
737 1470 855 1557 Lepidi
884 1469 988 1535 scelus
1016 1472 1139 1538 Romae
1161 1485 1361 1561 compertum

263 1585 321 1658 est,
345 1575 580 1664 disputavimus
595 1585 668 1663 post
683 1573 730 1641 ld.
745 1575 821 1642 Jun.
838 1574 916 1638 data
930 1597 1001 1641 esse
1014 1576 1151 1643 videtur.
1196 1576 1358 1660 Quoniam

264 1688 374 1744 autem
401 1682 435 1743 in
465 1678 602 1767 epistula
628 1678 671 1742 ad
694 1678 767 1742 fam.
792 1679 841 1757 11,
864 1678 905 1744 25
930 1701 957 1742 a.
981 1679 1010 1743 d.
1034 1679 1126 1745 XIV.
1148 1680 1222 1745 Kal.
1249 1681 1355 1762 Quint

263 1785 384 1871 scripta
413 1782 528 1848 Cicero
558 1781 711 1868 epistulas
741 1781 783 1845 ad
810 1781 853 1848 M.
879 1781 970 1846 Brut
1000 1783 1093 1866 1,10
1119 1793 1152 1850 et
1184 1786 1211 1865 1,
1237 1785 1276 1850 12
1308 1785 1356 1848 his

262 1885 371 1952 verbrs
395 1885 568 1971 significat:
591 1886 662 1968 „De
676 1886 778 1952 Bruto
802 1894 909 1951 autem
928 1884 1008 1951 nihil
1023 1885 1130 1951 adhuc
1144 1888 1240 1969 certi3
1263 1909 1355 1973 quem

263 2014 332 2077 ego,
355 2012 450 2077 quem
472 1989 514 2054 ad
530 1990 660 2055 modum
675 1991 845 2080 praecipis,
867 1991 1003 2078 privatis
1017 1990 1131 2056 litteris
1148 1991 1189 2056 ad
1205 1988 1348 2056 bellum

264 2116 473 2159 commune
494 2115 648 2160 vocare
670 2117 750 2160 non
772 2095 962 2161 desino“:
986 2094 1156 2182 epistulam
1182 2098 1210 2177 1,
1227 2094 1350 2158 usne

263 2221 291 2262 a.
315 2198 344 2262 d.
361 2197 451 2261 XIV.
467 2197 540 2265 Kal.
558 2197 690 2282 Quintil.
716 2199 869 2286 scriptam
888 2221 959 2264 esse
975 2208 1159 2264 statiemus.
1204 2198 1357 2262 Attamen

262 2300 465 2388 paucissimis
487 2302 709 2369 tantummodo
733 2303 846 2370 diebus
873 2311 949 2368 ante
970 2302 1059 2368 illum
1082 2302 1166 2368 diem
1189 2301 1359 2388 epistulam

264 2406 293 2487 1,
318 2406 367 2487 12,
391 2403 593 2486 datamesse
616 2427 658 2470 ex
680 2429 719 2472 00
740 2408 946 2492 intellegitur,
969 2407 1056 2493 quod
1071 2406 1115 2473 M.
1131 2406 1263 2487 Brutus,
1285 2425 1360 2470 cum

261 2507 334 2574 Kal.
357 2508 466 2590 Quint.
490 2508 660 2595 epistulam
683 2512 768 2590 1,13
790 2521 948 2592 exararet,
972 2509 1194 2575 duodecimam
1216 2508 1361 2574 nondum

263 2620 433 2700 acceperat
453 2611 505 2696 (cf.
530 2635 578 2700 ep.
604 2616 632 2695 1,
657 2614 706 2696 13,
730 2614 765 2678 1:
787 2615 860 2698 „De
875 2615 918 2680 M.
933 2613 1059 2701 Lepido
1080 2615 1185 2679 vereri
1206 2634 1258 2677 rnc
1273 2614 1361 2698 cogit

262 2714 457 2802 reliquorum
487 2716 597 2781 timor:
628 2717 684 2802 qui
714 2719 741 2784 si
769 2719 922 2806 eripuerit
953 2739 987 2782 se
1015 2716 1123 2797 nobis,
1153 2715 1239 2802 quod
1263 2715 1360 2781 velim

261 2829 382 2885 temere
416 2829 511 2907 atque
542 2821 698 2886 iniuriose
735 2822 775 2886 de
811 2820 888 2887 illo
926 2822 1133 2906 suspicati
1171 2822 1260 2884 sint
1287 2814 1366 2884 ho*

262 2923 393 2987 mines
416 2924 489 3010 010.)
513 2962 553 2973 -

351 3026 416 3091 Sed
444 3027 510 3090 iam
539 3026 580 3090 de
610 3027 650 3090 iis
678 3025 721 3091 ad
742 3026 788 3095 M.
810 3026 901 3093 Brut.
925 3027 1079 3117 epistulis,
1101 3048 1184 3113 quae
1207 3027 1250 3092 ad
1271 3047 1356 3091 com-

225 3173 228 3181 ·
262 3132 491 3196 mentationem
513 3137 657 3196 nostram
677 3131 847 3216 pertinent,
870 3133 1016 3217 quaestio
1039 3129 1188 3196 absoluta
1207 3142 1263 3196 est.
1307 3129 1357 3193 Eo

262 3235 374 3320 igitur,
406 3233 492 3298 unde
525 3236 646 3319 egressi
677 3256 803 3315 sumus,
831 3243 1048 3300 revertamur:
1086 3232 1128 3298 ad
1156 3235 1310 3320 epistulas
1337 3256 1358 3296 a

262 3337 418 3406 Cicerone
440 3337 503 3402 illis
525 3337 724 3425 temporibus
747 3361 821 3403 cum
845 3338 958 3405 Cassio
981 3347 1204 3406 commutatas.
1230 3373 1269 3386 -

443 3526 511 3610 Ep.
534 3526 577 3591 ad
597 3525 684 3593 fam.
706 3526 758 3614 12,
781 3526 821 3593 8:
849 3525 969 3594 Cicero
996 3527 1117 3598 Gnosio
1139 3529 1175 3595 S.

350 3647 614 3713 Schuetzius:
637 3647 723 3730 „Sor
739 3646 861 3714 Romae
875 3668 984 3714 mense
998 3649 1097 3716 Juuio
1113 3652 1155 3718 A.
1165 3647 1204 3714 U.
1217 3647 1255 3717 0.
1267 3649 1357 3717 '1105‘

350 3751 523 3817 Gruber:
547 3752 625 3839 „Ep
649 3752 712 3817 849
727 3759 760 3816 et
775 3753 817 3818 50
832 3750 961 3837 (Cassio
976 3753 1055 3838 XII,
1070 3754 1090 3819 8
1106 3752 1186 3838 019)
1209 3755 1356 3840 scriptae,

263 3876 360 3942 quum
382 3855 503 3920 Rornae
524 3857 591 3920 iam
611 3857 803 3921 innotuisset
824 3854 941 3942 Lepidi
963 3857 1106 3945 perfidia,
1129 3858 1182 3944 qui
1205 3857 1264 3924 IV.
1282 3855 1354 3922 Kal.

261 3959 336 4026 dun.
367 3982 440 4025 cum
471 3957 613 4025 Antonio
645 3982 680 4025 se
713 3961 925 4025 coniunxerat
951 3961 1014 4049 (ep.
1045 3960 1131 4046 847.)
1161 3982 1238 4048 ergo
1269 3959 1354 4024 ciroa

262 4063 341 4129 ldus
362 4064 455 4132 Jun.“

349 4168 539 4255 Suepfle:
568 4167 654 4250 „Sor
677 4167 799 4233 Romae
828 4187 937 4232 mense
959 4167 1057 4233 Junio
1080 4169 1120 4236 A.
1142 4168 1181 4232 U.
1205 4166 1240 4234 Ο.
1267 4165 1355 4230 710.“

348 4272 428 4336 Fre
435 4295 474 4360 y:
497 4271 584 4355 „Der
606 4271 700 4339 Brief
717 4270 760 4334 ist
781 4272 825 4335 im
846 4270 924 4336 Juni
945 4269 1184 4356 geschrieben.“
