3140 4762
689 185 1031 300 '-ao-·

279 404 356 489 «pius
380 402 422 466 ad
445 405 612 468 veritatem
637 405 771 486 aceedit,
792 427 866 469 eum
889 407 963 488 ciro,
1006 405 1117 470 Nonas
1134 405 1238 470 Maias
1254 409 1374 492 epistu-

280 504 345 569 lam
382 506 534 592 scriptam
568 530 638 574 esse
677 507 768 590 dicit,
807 519 917 574 tamen
954 507 1110 592 singulari
1150 509 1308 595 quadam,
1338 521 1374 576 ut

282 606 489 674 Sohuetzium
518 611 660 692 refellat,
687 613 880 699 minimeque
903 610 1072 700 probanda
1095 615 1374 695 argumentatione

279 715 381 777 utitur
408 713 461 796 (cf.
486 715 613 800 supral:
644 715 737 800 quasi
766 734 843 779 vero
868 711 1002 780 Cassius
1033 715 1106 779 circ.
1133 711 1244 780 Nonas
1267 715 1372 781 Maias

281 817 379 881 etiam
400 815 523 882 Romae
545 816 642 881 fuerit
664 824 760 903 atque
784 817 915 899 Cicero,
944 839 1017 883 cum
1040 817 1219 904 epistulam,
1243 818 1284 882 de
1308 842 1374 906 qua

282 921 460 1006 quaeritur,
488 921 597 1002 daret,
627 919 716 984 illum
737 920 859 986 Romae
889 943 960 986 esse
981 923 1154 1009 putaverit.
1205 922 1260 985 An
1283 923 1373 989 Cice-

280 1043 390 1088 ronem
411 1033 479 1088 tam
502 1033 651 1088 accurate
673 1033 770 1111 atque
784 1027 923 1110 copiose,
945 1047 1043 1111 quam
1057 1025 1120 1089 hac
1137 1026 1275 1110 epistula
1290 1027 1374 1109 fecit,

280 1124 431 1191 Cassium
454 1126 494 1190 de
509 1127 557 1207 iis,
569 1148 663 1214 ,quae
681 1127 789 1213 paullo
806 1137 880 1192 ante
896 1129 1067 1214 epistulam
1082 1130 1236 1215 scriptam
1252 1128 1373 1195 Romae

278 1239 373 1316 gesta
395 1235 533 1316 erant,¹)
557 1232 725 1295 certiorem
747 1232 908 1296 facturum
933 1232 1032 1296 fuisse
1054 1231 1228 1297 verisimile
1250 1244 1315 1314 est,
1346 1237 1374 1298 si

281 1333 431 1397 Cassium
443 1333 572 1399 illarum
587 1355 693 1399 renum
709 1335 815 1424 ipsum
830 1343 945 1398 testem
960 1333 1061 1401 luisse
1078 1335 1254 1400 arbitratus
1269 1343 1373 1402 esset?

280 1435 425 1518 Accedit,
448 1437 534 1522 quod
557 1437 679 1502 nullum
704 1437 791 1524 apud
813 1437 1002 1503 Ciceronem
1024 1441 1187 1504 invenitur
1200 1440 1372 1524 vestigium

279 1539 428 1604 Gessium
451 1552 525 1628 post
539 1542 583 1608 Μ.
599 1541 736 1607 Brutum
759 1543 815 1628 qui
835 1543 967 1606 ineunte
991 1563 1101 1606 mense
1116 1542 1222 1630 Aprili
1236 1543 1371 1608 Romam

279 1643 455 1730 reliquit,²)
485 1666 526 1708 ex
555 1643 636 1709 urbe
664 1646 859 1728 excessisse,
886 1644 920 1708 id
942 1645 1029 1732 quod
1050 1667 1115 1710 non
1137 1645 1233 1712 modo
1255 1647 1372 1713 Graeci

268 1747 455 1832 ‘scriptores
489 1747 642 1813 Nicolaus
675 1749 916 1830 Damascenus‚
949 1746 1159 1832 Plutarchus,
1191 1751 1371 1838 Appianus,

175 1855 180 1862 ’
280 1850 413 1919 Oassius
435 1851 537 1938 Dior)
567 1851 671 1936 planis
701 1853 809 1918 verbis
839 1861 975 1937 negant,
1006 1851 1190 1916 sed-etiam
1218 1854 1287 1918 looo
1315 1853 1370 1918 illo

279 1955 437 2041 epistulae
466 1954 508 2019 ad
529 1955 573 2019 M.
595 1955 685 2021 Brut.
711 1959 738 2038 1,
763 1958 812 2038 15,
834 1958 857 2020 4
887 1977 985 2042 supra
1012 1954 1143 2022 laudato
1154 1957 1180 2042 ⁴)
1200 1955 1366 2020 refutatur.

279 2057 500 2141 Quamobrem
521 2081 562 2122 ne
578 2057 726 2124 (lrubcro
749 2060 878 2146 quidem
899 2058 996 2145 plane
1019 2059 1209 2146 adstipulari
1230 2081 1368 2147 possum,

281 2163 338 2229 sed
366 2170 511 2248 tempus,
538 2183 603 2249 quo
632 2161 713 2228 haec
741 2163 880 2252 epistula
901 2163 1024 2248 scripta
1045 2163 1101 2243 sit,
1131 2173 1218 2228 reete
1241 2161 1371 2229 delinire

279 2265 423 2331 studenti
443 2265 710 2352 proficiscendum
732 2289 803 2332 esse
824 2266 952 2334 videtur
973 2287 1014 2330 ex
1036 2267 1159 2352 primae
1174 2265 1373 2353 paragraphi

277 2370 386 2436 verbis
408 2368 512 2433 hisce:
543 2369 678 2452 „Finem
700 2369 821 2435 nullam
843 2370 938 2453 facio,
958 2368 1048 2433 -mihi
1069 2368 1174 2452 crede,
1204 2367 1309 2452 Cassi,
1331 2369 1372 2435 de

277 2485 310 2540 te
336 2485 368 2540 et
389 2473 490 2538 Bruto
520 2482 647 2554 nostro,
676 2473 710 2538 id
740 2483 789 2538 est
817 2473 857 2537 de
886 2481 956 2539 tota
982 2495 1022 2539 *re
1043 2471 1175 2559 publica
1197 2471 1372 2556 cogitandi,

280 2580 372 2644 euius
395 2578 501 2644 omnis
523 2599 596 2666 spes
618 2578 652 2643 in
674 2577 767 2643 vobis
791 2585 840 2642 est
861 2586 894 2641 et
915 2578 949 2640 in
971 2577 1012 2640 D.
1035 2576 1153 2654 Bruto,
1181 2595 1279 2662 quam
1301 2578 1370 2662 qui·

278 2683 352 2747 dem
373 2683 439 2747 iam
462 2678 566 2749 habeo
588 2685 658 2770 ipse
680 2679 853 2764 meliorem,
875 2701 911 2745 re
933 2680 1065 2766 publiea
1080 2704 1100 2746 a
1115 2679 1286 2745 Dolabella
1300 2701 1370 2746 meo

278 2786 534 2872 praeclarissime
555 2795 663 2871 gesta:
685 2785 841 2850 manabat
864 2785 949 2849 enim
971 2784 1050 2850 illud
1071 2786 1193 2850 malum
1212 2783 1371 2848 urbanum

278 2898 311 2955 et
339 2891 386 2954 ita
411 2888 685 2955 conroborabatur
713 2890 844 2970 cotidie,
872 2899 909 2953 ut
937 2909 998 2974 ego
1029 2888 1158 2974 quidem
1189 2898 1221 2952 et
1237 2887 1316 2951 -urbi
1338 2895 1371 2949 et

280 2996 345 3059 otio
368 2993 545 3058 diffiderem
568 2993 709 3076 urban03
732 2992 858 3057 sedita
880 3013 1066 3079 compressa
1088 3013 1140 3056 res
1162 3003 1221 3072 cst,
1242 3003 1280 3056 ut
1293 2987 1372 3055 milli

278 3098 447 3163 videamur
477 3119 571 3163 omne
595 3097 662 3162 iam
692 3095 735 3160 ad
764 3104 890 3184 tempus
920 3095 962 3160 ab
993 3093 1048 3159 illo
1080 3095 1249 3160 dumtaxat
1270 3094 1372 3160 sordi-

280 3201 415 3268 dissimo
435 3201 578 3288 periculo
600 3201 662 3264 tuti
683 3199 815 3268 futuri.“

366 3323 458 3386 Haeo
488 3320 602 3387 Cicero
635 3321 758 3386 laetitia
788 3320 890 3414 elatus
924 3319 993 3384 sine
1023 3317 1121 3385 dubio
1151 3318 1259 3404 paullo
1290 3327 1372 3405 post,

280 3449 378 3513 quam
408 3424 597 3492 Dolabellae
627 3425 787 3505 factum⁵)
819 3424 991 3510 comperit,
1022 3433 1058 3486 ut
1088 3420 1237 3486 Cassium
1269 3421 1309 3486 de
1332 3442 1372 3486 re

279 3527 410 3620 publica
432 3527 622 3596 Dolabellae
645 3529 772 3608 virtute,
794 3535 828 3590 ut
850 3525 995 3611 putabat,
1016 3526 1131 3591 iterum
1155 3529 1284 3591 servata
1306 3548 1372 3590 cer·

284 3709 485 3718 ..ὴ-...μυ-

352 3825 381 3893 1)
398 3821 434 3876 ef.
452 3839 480 3894 p.
497 3823 539 3877 21.

348 3911 378 3980 2)
396 3909 432 3964 ct.
451 3927 478 3980 p.
497 3910 610 3966 14-16.

349 3998 379 4066 3)
397 3995 460 4053 Nic.
481 3996 565 4052 Dam.
585 3997 632 4061 173
652 3996 727 4051 Plut.
747 3995 806 4053 Cic.
824 3997 868 4052 42.
903 3998 971 4052 Aut.
990 3999 1031 4054 15.
1073 3999 1154 4054 Brut.
1171 4002 1213 4056 21.
1248 3995 1373 4073 Appias.

280 4084 305 4152 a,
326 4085 389 4149 rau
406 4084 433 4153 3,
452 4085 535 4152 a-r,
553 4085 600 4146 aa
617 4085 643 4152 4,
662 4085 704 4140 er.
741 4082 820 4138 aaa.
839 4083 875 4138 Ι).
893 4085 937 4150 47,
954 4085 997 4142 ao.

350 4172 377 4242 4)
396 4172 431 4228 cl.
449 4190 478 4243 p.
492 4171 534 4226 16.
892 4165 894 4172 “

350 4259 379 4330 5)
397 4259 493 4333 Lange
512 4254 564 4326 111,
583 4260 643 4316 500.
680 4259 827 4313 Drumann
847 4259 870 4325 I,
890 4261 949 4329 130,
970 4259 1053 4338 131„
