3140 4762
731 247 943 322 ..16..

292 419 424 491 soibus“
447 425 578 511 quinam
600 426 839 493 coniuratorum
862 427 1032 513 significati
1047 427 1119 508 sint,
1140 427 1196 493 vix
1212 425 1383 496 diiudicari

291 529 403 617 possit.
462 527 556 592 Licet
585 538 691 593 autem
721 527 835 596 Cicero
864 529 907 599 M.
937 530 1073 597 Brutum
1103 539 1135 596 et
1153 530 1202 608 ,0.
1231 533 1381 600 Cassium

291 631 536 717 significaverit,
566 631 758 720 colloquium
787 632 866 699 illud
895 657 959 699 non
988 636 1022 699 in
1044 633 1124 699 urbe
1145 635 1235 720 ipsa,
1268 636 1381 703 sedin

290 734 475 802 suburbano
515 735 655 821 quodam
691 735 812 802 iactum
843 760 913 803 esse
943 746 1127 804 statuemus.
1188 737 1249 802 His
1280 740 1380 824 igitur

290 840 487 926 argumentis
516 836 595 902 nibil
625 838 788 926 probatur.
842 839 924 907 Mihi
951 849 1059 906 autem
1089 839 1177 905 favet
1200 838 1313 906 Cicero
1336 843 1379 907 ad

289 947 357 1014 Att.
382 947 431 1025 14,
453 944 481 1023 7,
506 947 539 1008 1:
561 940 646 1024 „sed
670 942 806 1008 Brutum
828 952 971 1009 nostrum
994 943 1090 1008 audio
1112 944 1215 1010 visum
1240 945 1299 1010 sub
1314 946 1385 1012 La·-

288 1050 394 1115 nuvio.
439 1046 518 1112 Ubi
539 1044 703 1111 tandem
725 1056 788 1112 est
808 1047 1016 1114 iuturus?“
1038 1068 1122 1133 quae
1143 1059 1378 1115 voceseatan·

287 1148 452 1216 tummodo
481 1139 670 1215 condicione
701 1159 787 1215 reete
808 1149 951 1236 intellegi
972 1159 1115 1236 possunt,
1138 1159 1174 1215 ut
1196 1149 1309 1218 Cicero
1332 1153 1376 1222 M.

287 1256 422 1320 Brutum
446 1257 493 1337 (et
515 1250 678 1339 Cassium)
700 1254 765 1318 iarn
788 1243 906 1319 diutius
928 1256 962 1318 in
985 1252 1179 1319 suburbanis
1195 1253 1377 1342 municipiis

287 1364 425 1442 vagatos
447 1376 519 1420 esse
541 1355 676 1440 sciverit.
722 1355 851 1444 Scripta
873 1367 978 1423 autem
1002 1367 1051 1423 est
1073 1357 1153 1423 haec
1167 1357 1305 1446 epistula
1320 1359 1377 1443 (ad

286 1463 354 1528 Att
378 1459 428 1542 14,
449 1459 485 1545 4)
514 1458 668 1546 postridie
690 1460 737 1528 Id.
758 1464 878 1550 April,
908 1462 959 1526 die
985 1462 1059 1528 circ.
1082 1483 1167 1526 nono
1188 1468 1262 1548 post
1285 1459 1375 1526 Cice-

285 1566 372 1632 ronis
387 1563 491 1629 Roma
512 1562 786 1646 profectionem31)
809 1565 1019 1653 quamobrem
1042 1563 1188 1650 equidem
1204 1573 1373 1650 propterea

286 1668 372 1736 nullo
402 1665 610 1753 epistularum
642 1667 769 1734 illarum
792 1668 835 1734 ad
856 1668 1000 1734 Atticum
1022 1669 1168 1753 proxime
1189 1676 1264 1754 post
1286 1666 1375 1734 Cice·

286 1773 372 1839 ronis
394 1770 498 1835 Roma
527 1769 701 1835 discessum
734 1772 882 1837 datarum
904 1772 974 1837 leco
997 1772 1115 1858 apertis
1137 1770 1245 1836 verbis
1269 1770 1374 1837 Cassii

286 1888 318 1942 et
338 1874 432 1940 Bruti
454 1873 565 1956 fugam
588 1888 871 1941 commemoratam
893 1897 963 1941 esse
986 1872 1160 1954 contendo,
1184 1872 1279 1960 quod,
1302 1894 1372 1938 cum

287 1978 400 2044 Cicero
424 1975 687 2064 proficisceretur,
708 1977 754 2041 illi
776 1977 911 2045 Romam
933 1978 999 2041 iam
1020 1971 1224 2063 reliquerant.

370 2084 464 2164 Quae
490 2082 649 2146 sententia
671 2103 760 2146 mera
780 2081 1027 2147 ratiocinatione
1047 2081 1180 2145 inventa
1202 2081 1316 2146 mirum
1338 2081 1372 2145 in

284 2186 413 2253 modum
442 2184 512 2249 loco
542 2183 681 2268 quodam
712 2207 752 2248 ex
778 2182 942 2249 Ciceronis
974 2180 1016 2247 a'd
1040 2183 1084 2246 lll.
1108 2182 1197 2248 Brut.
1230 2185 1374 2270 epistulis

284 2291 451 2376 desumpto
475 2286 712 2372 comprobatur,
735 2288 789 2374 qui
811 2286 900 2352 locus
922 2288 1040 2373 quippe
1062 2307 1155 2372 quem
1179 2287 1279 2351 multo
1301 2275 1375 2375 prist

283 2393 367 2458 hane
395 2389 665 2476 computationem
696 2391 801 2477 ipsam
832 2392 1011 2455 institutam
1041 2388 1137 2475 plane
1165 2399 1292 2473 praeter
1314 2413 1369 2453 ex·

284 2496 515 2584 spectationem
533 2495 731 2580 reperissem,
753 2495 963 2578 gravissimus
986 2492 1063 2572 mibi
1078 2494 1167 2556 testis
1182 2498 1232 2555 est
1246 2510 1296 2553 me
1309 2489 1373 2555 hoc

281 2600 351 2665 loco
374 2598 407 2663 id
430 2595 515 2684 quod
539 2619 649 2663 verum
671 2607 720 2662 est
742 2597 871 2662 vidisse.
916 2597 1051 2682 Legitur
1065 2596 1149 2658 enim
1165 2591 1208 2656 ad
1222 2592 1264 2657 Μ.
1281 2591 1370 2659 Brut.

284 2705 312 2786 1,
338 2701 386 2782 15,
408 2702 446 2766 4:
473 2698 570 2781 „Post
592 2701 754 2766 interitum
777 2700 928 2766 Caesaris
951 2708 983 2765 et
1005 2706 1128 2765 vestras
1150 2695 1371 2762 memorabiles
1393 2698 1396 2704 '

280 2805 358 2869 Idus
373 2804 517 2883 Martias,
540 2802 650 2884 Brute,
673 2803 750 2890 quid
773 2825 833 2888 ego
856 2796 1117 2891 prdetermissum
1133 2822 1154 2865 a
1168 2799 1371 2885 vobisquan·

281 2918 410 2993 tamque
431 2904 616 2992 impendere
640 2909 686 2971 rei
709 2906 858 2993 publicae
878 2917 1099 2994 tempestatem
1123 2903 1277 2979 dixerim,
1308 2925 1371 2968 non

280 3034 314 3078 cs
338 3010 462 3078 oblitus.
486 3008 545 3094 (5.)
566 3009 717 3088 Nestum
733 3011 828 3075 nimis
844 3032 951 3088 acrem
975 3030 1032 3075 vos
1047 3009 1182 3074 fortasse
1198 3008 1373 3095 sapientius

280 3113 463 3180 excessistis
490 3111 570 3177 urbe
600 3135 653 3195 ea,
684 3135 780 3200 quam
812 3112 1008 3191 liberaretis3
1042 3110 1158 3174 ltaliae
1188 3130 1248 3173 sua
1280 3109 1372 3174 vobis

281 3219 388 3284 studia
403 3215 563 3304 profitenti
578 3216 755 3282 remisistis.
785 3216 936 3304 Itaque
958 3236 1047 3280 cum
1069 3214 1209 3277 teneri
1232 3211 1371 3277 urbem

282 3318 557 3409 aparricidia
580 3320 783 3401 viderem,
805 3341 882 3384 nec
903 3327 943 3383 te
965 3319 1006 3382 in
1028 3313 1371 3382 eanecCassium

225 3436 234 3468 ἰ
281 3436 368 3491 tuto
392 3414 1372 3510 essepesseeamquearmisoppressamabAn-

262 3520 1370 3627 “tenimmihiquoqueipsiexcedendumesseputavi.

279 3708 1370 3799 Ep.adfamllarflrosaeetcassiuspraetereuntiumeos.

368 3835 472 3903 Schu
481 3845 520 3901 el
531 3839 635 3901 zius:
651 3834 737 3915 „Son
754 3832 895 3898 Lanuvii
907 3831 1017 3897 Mense
1028 3831 1115 3896 Maio
1127 3828 1166 3893 A.
1179 3827 1218 3895 U.
1232 3827 1268 3892 O.
1281 3825 1371 3890 709.“
1402 3847 1407 3858 ’

367 3937 544 4007 Gruber:
567 3946 662 4022 „ante
684 3935 757 4002 Kal.
779 3935 854 4002 Jun.
879 3935 920 4001 ad
943 3935 1120 4000 Antonium
1144 3933 1289 4019 scripta.“

290 4065 292 4068 ·
365 4043 530 4108 Baiter:
551 4041 639 4126 „Sca
662 4039 802 4104 Lanuvii
825 4061 934 4104 mense
956 4039 1043 4103 Maio
1067 4059 1094 4101 a.
1117 4059 1146 4102 u.
1170 4057 1195 4100 c.
1219 4035 1308 4100 710.“

280 4202 488 4211 ...μμ-..-

348 4269 375 4338 1)
395 4266 492 4335 Lange
513 4262 564 4330 111,
584 4264 645 4321 510.
