3140 4762
697 301 885 366 ..9-

253 473 419 560 navigatio
441 471 683 561 impediebatur,
705 493 808 560 neque
830 471 993 554 tarditate,
1015 493 1118 558 neque
1140 469 1212 536 aliis
1231 469 1337 536 obsta·

250 577 330 643 culis
360 597 450 642 mora
480 574 698 656 adserebatur,
729 576 770 641 ad
798 584 901 642 totum
931 578 992 640 iter
1019 575 1122 641 Roma
1147 575 1181 658 in
1209 574 1337 661 Syriam

250 680 482 748 conficiendum
504 679 575 744 circ.
598 677 813 774 quadraginta
836 679 904 743 dies
927 679 1097 745 suffecisse.
1120 715 1159 728 -·-
1183 678 1337 743 Attamen

250 784 311 849 hac
333 783 495 849 celeritate
516 782 737 848 ratiocinando
759 785 864 867 magis
885 785 1017 849 inventa
1039 805 1135 871 quam
1156 781 1242 845 facto
1264 802 1337 868 pro·

248 886 326 952 bata
348 885 512 952 Ciceronis
540 894 645 951 aetate
674 885 833 952 tabellarii
863 886 964 952 Roma
992 885 1043 952 vel
1071 888 1107 951 in
1130 883 1258 971 Syriam
1285 883 1337 948 vel

250 990 283 1054 in
306 989 451 1055 Ciliciam
481 989 615 1075 profecti
648 989 714 1080 fere
742 1013 906 1077 nunquam
934 990 984 1054 usi
1007 997 1094 1054 aunt:
1127 987 1337 1076 nequeenim

250 1090 314 1157 ulla
344 1114 453 1158 earum
482 1092 708 1181 epistularum,
737 1116 819 1182 quae
847 1093 976 1181 quando
1005 1095 1039 1158 in
1061 1090 1133 1157 illas
1155 1091 1337 1179 provincias

251 1193 379 1261 adlatae
402 1196 474 1278 sint,
497 1195 624 1278 scimus,
646 1204 713 1261 tam
737 1200 800 1264 cito
822 1196 947 1284 perlata
968 1201 1056 1278 est.¹)

335 1299 521 1365 Ciceronem
559 1307 666 1365 autem
700 1301 881 1366 invenimus
912 1297 1113 1365 tabellarium
1140 1296 1336 1383 laudantem,

250 1403 303 1492 qui
323 1403 426 1469 Roma
447 1403 481 1466 in
504 1401 667 1484 Ciliciam,
698 1404 853 1490 Cybistra
876 1402 918 1468 ad
940 1401 1086 1467 Taurum
1109 1402 1179 1483 sita,
1200 1399 1338 1489 quadra·

248 1508 368 1590 gesimo
399 1507 533 1594 septimo
561 1507 613 1572 die
626 1507 756 1589 litteras
778 1506 938 1572 detulerat
958 1506 997 1571 cf.
1022 1506 1063 1572 ad
1085 1507 1152 1572 Att.
1175 1507 1206 1585 5,
1229 1506 1278 1586 19,
1302 1507 1337 1570 1:

246 1659 264 1690 ‚,
286 1664 293 1678 .
317 1662 324 1677 .
347 1663 353 1677 .
376 1608 482 1674 subito
498 1610 597 1696 Appii
618 1611 804 1677 tabellarius
828 1635 856 1677 a.
880 1610 909 1675 d.
924 1609 984 1676 XI.
1001 1607 1072 1674 Kal.
1088 1609 1217 1674 Octobr.
1241 1629 1335 1693 sep·

247 1714 346 1779 timo
383 1711 703 1799 quadragesimo
732 1714 799 1780 die
828 1715 950 1780 Roma
980 1712 1181 1778 celeriter
1207 1747 1247 1760 —
1280 1709 1337 1775 hui

247 1825 313 1880 tam
346 1816 441 1902 longe
474 1855 514 1866 -
549 1817 627 1883 mibi
659 1828 732 1883 tuas
764 1817 887 1884 litteras
919 1815 1085 1883 reddidit.“
1143 1816 1226 1880 Cum
1258 1835 1335 1879 vero

248 1919 362 2006 Syriae
383 1929 492 2006 partes
514 1941 581 2001 eae,
602 1922 636 1985 in
658 1920 775 2008 quibus
791 1921 924 1988 Cassius
946 1930 1054 1986 castra
1068 1917 1249 2005 habebat,²)
1271 1938 1336 1982 non

247 2021 354 2111 paullo
376 2022 505 2106 longius
528 2023 569 2087 ab
592 2023 672 2088 urbe
688 2024 807 2090 distent
821 2047 918 2112 quam
934 2024 1097 2110 Cybistra,
1112 2045 1154 2088 ex
1169 2020 1335 2089 Ciceronis

248 2125 377 2211 quidem
415 2127 574 2190 sententia
602 2126 726 2192 litterae
756 2130 828 2192 circ.
860 2127 1125 2215 quinquagesimo
1153 2126 1204 2191 die
1232 2125 1336 2190 Roma

249 2225 363 2292 Cassio
392 2226 538 2294 redditae
560 2231 703 2296 celeriter
725 2230 850 2297 delatae
874 2239 976 2300 erunt.
1025 2230 1087 2295 nst
1114 2231 1213 2316 igitur
1241 2228 1334 2294 nobis

181 2398 185 2407 ,
249 2330 506 2396 constituendum
543 2331 711 2420 epistulam
746 2359 765 2401 a
797 2333 973 2400 tabellariis
1006 2332 1151 2398 celeriter
1182 2332 1334 2421 profectis

247 2434 318 2498 circ.
341 2436 606 2522 quinquagesimo
629 2436 747 2519 Roma,
776 2461 796 2504 a
818 2437 935 2504 lentius
958 2438 1137 2524 progressis
1159 2436 1335 2522 posteriore

247 2537 387 2624 quodam
410 2537 462 2604 die
483 2540 574 2606 reddi
596 2541 747 2627 potuisse.

333 2643 382 2706 Ac
403 2642 567 2730 praeclare
589 2644 719 2731 quidem
741 2643 822 2710 haee
843 2644 1045 2710 ratiocinatio
1069 2666 1106 2712 eo
1122 2643 1336 2723 confirmatur,

246 2743 332 2831 quod
355 2742 469 2810 Cicero
499 2768 535 2811 re
560 2769 639 2811 vera
661 2746 767 2813 Cassii
789 2747 958 2833 epistulam
979 2749 1061 2813 Non.
1084 2748 1159 2812 Mai.
1181 2747 1216 2810 in
1239 2744 1336 2828 Syria

245 2848 355 2913 datam
376 2836 506 2914 ineunte
530 2871 639 2915 mense
653 2849 788 2932 Quintili
800 2851 826 2936 3)
840 2850 961 2918 Romae
984 2860 1149 2938 acceptam
1172 2848 1271 2914 refert
1292 2847 1335 2913 ad
1457 2851 1469 2879 '

244 2949 320 3020 fam.
352 2951 402 3034 12,
435 2954 485 3032 10,
507 2953 544 3018 2:
576 3003 593 3034 ‚,
616 3004 652 3018 ..
682 2952 796 3019 litteris
825 2956 905 3035 tuis,
934 2976 1015 3042 qnae
1044 2953 1146 3020 Nonis
1168 2951 1265 3019 Maiis
1294 2974 1336 3017 ex

247 3055 361 3120 eastris
399 3053 493 3120 datas
525 3075 784 3144 acceperamus„
801 3057 848 3122 ita
885 3079 1076 3146 persuasum
1105 3065 1175 3122 erat
1202 3056 1335 3136 civitati,

246 3167 282 3222 ut
304 3164 383 3227 etc.“

318 3259 406 3338 ‚Hac
428 3263 461 3326 in
484 3265 643 3328 sententia
665 3262 704 3328 de
726 3272 877 3350 tempore,
899 3285 961 3352 quc
984 3262 1142 3329 tabellarii
1163 3262 1286 3329 litteras
1300 3261 1334 3327 in

247 3362 375 3450 Syriam
396 3364 600 3452 pertulerint,
629 3365 821 3433 adumbrata
850 3366 986 3443 fortasse
1008 3367 1211 3454 acquiescere
1233 3364 1335 3453 possi·

244 3489 333 3544 mus3
363 3476 396 3533 at
413 3467 535 3534 dixerit
556 3469 716 3557 quispiam
739 3493 895 3536 summam
917 3471 1004 3537 illam
1028 3471 1239 3551 celeritatem,
1270 3489 1334 3555 qua

245 3571 476 3658 posterioribus
498 3572 633 3639 saeculis
655 3572 880 3640 tabellarii
901 3574 1100 3663 publicit)
1122 3574 1238 3638 itinera
1259 3594 1332 3637 con·

317 3778 343 3844 1)
362 3775 400 3831 cia
418 3776 515 3843 Bardi,
534 3775 605 3844 „Qu
623 3777 717 3838 Tull.“
735 3796 761 3849 p.
778 3779 821 3836 43.

312 3865 341 3932 2)
359 3861 432 3919 Non.
446 3865 530 3922 Mart.
549 3881 573 3919 a.
592 3881 619 3921 n.
638 3882 661 3919 c,
675 3866 736 3922 711.
773 3867 888 3922 Cassios
906 3884 939 3922 ex
958 3866 1058 3922 castris
1071 3866 1218 3922 Taricheis
1230 3867 1332 3937 epistu-

243 3949 299 4003 lam
317 3950 353 4004 ad
370 3949 438 4005 iam.
459 3955 499 4019 12,
519 3954 551 4008 11
573 3952 663 4019 dedit3
688 3957 787 4023 postea
805 3954 977 4010 Laodiceam
995 3955 1139 4026 proiectus
1157 3961 1216 4026 est,
1240 3955 1275 4012 cf.
1295 3956 1333 4009 ad

242 4036 308 4095 iam.
329 4041 370 4106 12,
395 4042 438 4107 lb,
457 4041 483 4095 7.

312 4127 341 4196 3)
358 4127 393 4181 cf.
412 4145 440 4198 p.
458 4127 569 4182 52-53.

310 4213 340 4281 4)
357 4213 393 4270 ci.
406 4214 574 4269 Hndemann
588 4213 773 4280 „assentante
786 4215 835 4274 des
845 4216 1001 4274 rimiscben
1014 4217 1188 4278 Postweseus
1200 4216 1333 4284 wiibrend

243 4298 292 4353 der
304 4299 485 4358 Kaiseraeit.“
