3140 4762
683 263 893 327 ..43-

239 434 503 522 Drumannum1)
524 435 687 520 Makius2)
709 433 869 522 probavit,
893 456 920 502 a.
943 434 973 501 d.
996 433 1056 499 ΧΙ.
1076 433 1117 499 K.
1133 434 1249 515 Maias,
1271 455 1334 521 quc

240 539 292 604 die
308 538 423 607 Cicero
435 540 611 607 orationem
626 537 841 628 Philippieam
855 546 1003 626 quartam
1015 538 1173 604 decimam
1184 535 1336 622 habuit,³)

241 641 341 710 hostis
364 651 413 708 est
434 643 603 710 iudicatus.

326 746 384 814 Sin
398 756 507 814 autem
520 745 630 827 verba,
653 746 693 811 de
708 745 825 832 quibus
840 747 1013 833 quaeritur,
1034 745 1148 828 aleco,
1170 765 1233 832 quo
1249 766 1336 810 nunc

239 850 398 936 leguntur,
421 874 487 920 non
508 871 739 933 removeamus,
763 871 840 916 sane
854 850 1000 937 Naki04)
1022 847 1261 916 concedendum
1285 848 1336 928 sit,

240 954 327 1042 quod
349 955 442 1022 dicit:
464 956 552 1037 „Der
567 952 939 1023 Pseudo-Ciceronische
954 953 1047 1019 Brief
1058 952 1101 1019 ad
1115 951 1253 1018 Brutum
1270 953 1299 1033 1,
1314 952 1335 1016 3

240 1067 314 1144 sagt
334 1059 467 1144 riehtig,
496 1057 573 1124 XII.
596 1058 670 1124 Kal.
694 1057 799 1124 Maias
830 1059 877 1124 sei
910 1056 961 1123 die
983 1055 1159 1122 Nachricht
1187 1078 1252 1121 von
1278 1055 1336 1121 der

241 1160 393 1229 Schlacht
422 1164 456 1228 in
477 1162 559 1228 Rom
581 1161 817 1247 angekommen
838 1162 905 1248 (ein
927 1163 1059 1245 Datum,
1082 1162 1141 1228 das
1163 1181 1224 1224 uns
1247 1168 1336 1227 sonst

240 1265 396 1349 ningends
416 1265 518 1332 direct
539 1264 727 1331 tiberliefert
748 1267 814 1351 ist),
836 1265 990 1332 wthrend
1004 1267 1049 1331 im
1066 1263 1255 1350 Fclgsnden
1271 1261 1335 1329 die

238 1367 414 1456 Kampsa
443 1369 509 1434 bei
540 1370 689 1434 Forum
723 1367 943 1436 Gallorum
973 1369 1053 1435 und
1076 1368 1239 1434 Mutina
1262 1389 1335 1432 au-

239 1473 641 1558 sammengeworfen
663 1471 855 1538 werden.“
899 1471 991 1554 Quae
1006 1472 1138 1538 cumita
1154 1472 1227 1553 aiut,
1249 1471 1335 1558 equi·
1369 1545 1372 1552 ¹

239 1575 311 1642 dem
333 1597 448 1642 censeo
470 1576 571 1642 verba
592 1576 664 1642 illa:
693 1574 871 1661 „Consules
895 1576 975 1642 duos
999 1613 1038 1625 -
1062 1585 1095 1642 et
1117 1573 1256 1642 Caesar‘
1278 1583 1336 1640 aut

238 1689 402 1768 tamquam
411 1683 572 1765 integram
583 1681 753 1770 epistulam
766 1689 823 1746 aut
834 1691 998 1767 tamquam
1009 1679 1165 1767 epistulae
1173 1679 1334 1764 fragmen-

238 1793 306 1849 tum
330 1806 371 1850 ex
386 1785 482 1850 tertia
495 1785 591 1870 primi
607 1783 649 1850 ad
663 1785 707 1855 M.
723 1785 813 1853 Brut.
828 1783 902 1850 libri
917 1783 1055 1872 epistula
1070 1805 1139 1849 esse
1155 1780 1334 1850 eximenda.

237 1887 499 1954 Hancmedelam
507 1911 571 1955 non
579 1887 784 1954 audaciorem
793 1911 872 1970 asse,
881 1889 1101 1975 unusquisque
1110 1887 1274 1968 concedet,
1282 1887 1337 1974 qui

238 2014 334 2079 quam
356 1991 439 2058 male
463 1990 627 2058 Ciceronis
658 1992 700 2058 ad
723 1992 767 2058 M.
790 1993 880 2059 Brut.
904 1990 1061 2079 epistulae
1081 1991 1175 2059 nobis
1196 1990 1342 2058 traditae

238 2096 317 2171 sint,
348 2103 380 2160 et
410 2115 569 2182 quasnam
596 2099 674 2162 artis
697 2095 828 2162 criticae
849 2096 992 2163 rationes
1013 2096 1077 2162 viri
1100 2096 1188 2161 docti
1206 2096 1240 2160 in
1264 2093 1335 2160 aliis

238 2197 449 2286 epistularum
471 2199 660 2287 corporibus
682 2197 891 2265 emendandis
905 2199 1043 2280 inierint,
1067 2200 1173 2265 animo
1188 2196 1334 2265 conside-

240 2303 368 2372 raverit.
413 2303 564 2386 Quonam
587 2313 694 2370 autem
716 2313 859 2392 tempore
881 2304 1018 2392 epistula
1039 2302 1095 2370 illa
1108 2303 1268 2383 restituta,
1283 2301 1336 2366 cui

240 2414 350 2472 notam
371 2409 412 2491 „3
420 2407 463 2474 b“
485 2410 622 2496 impono,
645 2409 722 2474 data
744 2409 795 2492 sit,
816 2407 965 2474 facillime
984 2408 1207 2493 investigatur.
1251 2405 1336 2470 Nam

240 2509 317 2595 quin
339 2531 379 2575 ea
400 2511 484 2578 inter
506 2511 677 2600 epistulam
699 2514 843 2595 tertiam,
875 2534 958 2600 quae
980 2521 1031 2578 est
1051 2511 1092 2578 de
1114 2533 1225 2599 pugna
1247 2509 1336 2598 apud

240 2613 360 2678 Forum
383 2613 549 2681 Gallorum
572 2618 603 2681 et
625 2616 665 2682 de
688 2615 731 2685 M.
748 2618 890 2683 Antonio
912 2615 1003 2682 hoste
1025 2615 1176 2697 iudicato,
1198 2622 1230 2679 et
1252 2613 1334 2679 eius·

242 2714 314 2780 dem
343 2716 417 2782 libri
448 2721 609 2805 quintam,
641 2720 675 2785 in
706 2743 771 2808 qua
794 2720 907 2788 Cicero
936 2720 976 2786 de
1002 2720 1137 2785 victoria
1160 2717 1338 2784 Mutinensi

241 2827 406 2907 tamquam
432 2821 535 2889 Bruto
565 2823 630 2888 iam
661 2832 740 2890 nota
768 2823 868 2891 verba
897 2825 990 2906 facit,
1020 2822 1074 2911 (cf.
1097 2821 1129 2912 ξ.
1152 2821 1183 2904 4,
1204 2822 1239 2909 2)
1264 2821 1285 2886 i.
1309 2842 1335 2885 e.
1374 2832 1377 2837 '

239 2925 323 2989 inter
354 2948 382 2989 a.
413 2925 444 2995 d.
468 2927 510 2992 X.
532 2927 604 2993 Kal.
634 2936 667 2993 et
695 2951 723 2996 a.
746 2929 776 2997 d.
798 2928 858 2998 ΙΙΙ.
888 2929 972 2996 Non.
999 2926 1104 2994 Maias
1135 2925 1256 3012 scripta
1285 2925 1335 3007 sit,

240 3027 373 3093 dubium
396 3053 466 3096 esse
488 3053 552 3096 non
574 3040 689 3120 potest.
735 3031 818 3098 Oum
840 3055 918 3099 vero
934 3030 1084 3096 Ciceroni
1098 3029 1270 3117 epistulam
1285 3027 1334 3092 ab

242 3131 396 3198 scribenti
418 3136 516 3199 etiam
537 3134 577 3201 de
599 3134 727 3202 Pansae
750 3136 900 3217 consulis,
921 3137 977 3222 qui
998 3134 1153 3222 postridie
1175 3133 1243 3210 eius¹
1262 3129 1335 3208 diei,

241 3258 304 3323 quo
326 3236 484 3323 proelium
505 3238 688 3305 Mutinense
713 3240 834 3305 factum
856 3247 921 3320 est,
950 3261 978 3306 a.
1002 3238 1032 3303 d.
1054 3236 1111 3305 IV.
1133 3233 1206 3300 Kal.
1228 3231 1334 3298 Maias

239 3339 407 3406 Bononiae
429 3340 648 3408 evulneribus
669 3344 803 3431 periit,⁶)
823 3344 956 3408 interitu
978 3342 1158 3408 constitisse
1175 3335 1334 3418 videatur,

241 3440 325 3508 hanc
339 3444 510 3532 epistulam
525 3446 598 3512 circ.
611 3468 640 3511 a.
655 3447 685 3514 d.
695 3447 734 3512 V.
741 3448 822 3515 Non.
830 3446 937 3512 Maias
950 3446 1059 3512 datam
1071 3463 1141 3510 esse
1155 3438 1334 3524 arbitrorfi)

312 3685 338 3754 1)
357 3685 506 3741 Drumann
522 3685 544 3754 1,
562 3685 622 3743 306.

309 3772 337 3838 2)
358 3771 447 3841 Nake,
466 3771 543 3840 „Der
561 3773 672 3829 Briefw.
691 3793 741 3834 nw.
761 3777 858 3834 Cicero
877 3795 903 3832 u.
924 3776 959 3830 D.
983 3775 1079 3829 Brut.“
1097 3792 1124 3846 p.
1143 3772 1257 3830 27-33.

310 3858 338 3927 3)
357 3856 458 3928 Lange
475 3857 523 3927 111,
541 3861 600 3915 535.

310 3945 338 4014 4)
354 3943 437 4000 Nake
455 3947 483 4000 in
503 3947 520 4000 l.
539 3963 563 4004 c.
582 3967 609 4019 p.
628 3951 717 4008 33⁴⁸.

309 4033 336 4102 5)
357 4031 505 4088 Drumann
522 4034 545 4105 Ι,
563 4036 627 4100 311;
645 4035 745 4110 Lange
761 4038 809 4105 III,
827 4040 887 4095 534.

311 4122 337 4188 6)
354 4119 484 4176 Bononia
501 4123 620 4179 Romam
639 4128 682 4180 est
698 4125 751 4180 iter
769 4126 821 4182 250
839 4145 907 4197 pm,
932 4125 1029 4197 itaque
1047 4123 1161 4178 nuntius
1183 4121 1218 4174 de
1237 4119 1333 4172 Pansa

244 4212 353 4263 mortuo
371 4211 422 4261 ant
440 4224 465 4263 a.
485 4209 511 4264 d.
530 4209 578 4268 Vl.
596 4209 668 4268 Non.
687 4211 778 4268 Maias
796 4214 920 4286 vesperi,
938 4217 987 4267 ant
1005 4228 1030 4266 a.
1049 4211 1075 4265 d.
1093 4209 1125 4266 V.
1151 4207 1223 4265 Non.
1242 4204 1332 4260 Maius

240 4294 358 4351 Romam
375 4296 516 4369 perrecin
536 4297 571 4354 ol.
588 4315 616 4371 p'.
635 4299 660 4367 5,
679 4301 704 4356 6.
