3140 4762
592 275 802 339 ,35-

143 464 164 507 a
189 441 368 509 Dolabella
390 441 544 510 insidiose
567 446 672 511 occiso
688 445 808 511 Romae
830 453 1013 532 compertus
1036 455 1133 535 atque
1149 447 1249 514 Dola·

143 546 234 612 bella
257 548 361 612 hostis
384 549 566 614 declaratus
589 557 646 628 est,
669 548 794 614 efficere
813 548 922 629 voluit,
945 558 981 614 ut
997 548 1113 616 Cassio
1130 551 1247 617 bellum

143 659 262 715 contra
279 649 483 717 Dolabellam
506 651 683 739 gerendum
706 675 726 716 a
748 661 864 717 senatu
877 652 1140 734 decerneretur.¹)
1182 654 1248 720 Ita·

144 775 208 841 que
239 754 305 819 viri
330 754 376 818 illi
399 753 502 835 docti,
530 776 667 842 quorum
690 756 866 822 sententias
889 757 1058 844 proposui,
1087 759 1113 822 si
1144 795 1185 806 -
1213 757 1248 822 id

143 857 233 944 quod
265 877 284 920 e
314 857 522 944 sequentibus
545 859 778 947 apparebit-
800 859 834 924 in
857 870 1017 946 tempore,
1047 883 1110 948 quo
1133 884 1181 949 ep.
1205 861 1247 927 ad

147 961 222 1026 fam.
254 961 303 1040 12,
328 961 347 1025 7
371 958 448 1024 data
473 961 529 1040 sit,
559 961 738 1028 definiendo
762 974 967 1047 erraverunt,
998 963 1081 1028 falsa
1104 963 1245 1050 quadam

149 1060 188 1126 de
202 1085 247 1130 or.
263 1061 345 1129 Phil.
366 1065 416 1132 ll.
434 1064 583 1150 opinione
599 1065 724 1155 decepti
740 1089 810 1132 esse
825 1065 982 1134 videntur.
1017 1066 1120 1133 Nobis
1137 1068 1245 1152 igitur,

149 1187 290 1252 quonam
313 1175 458 1254 tempore
481 1167 652 1234 Dolabella
673 1170 774 1235 hostis
798 1169 958 1235 iudicatus
983 1179 1080 1257 atque
1103 1193 1148 1237 or.
1164 1169 1246 1238 Phil.

149 1271 197 1338 11.
220 1268 334 1335 habita
356 1272 408 1354 sit,
428 1275 611 1338 accuratius
634 1274 867 1360 exquirendum
890 1282 946 1342 est.
973 1311 1012 1324 -

178 1423 180 1428 -
232 1376 341 1461 Atque
362 1377 653 1463 praeclarissimam
676 1377 805 1464 quidem
828 1377 922 1442 huius
948 1378 1146 1464 quaestionis
1162 1377 1243 1442 diiu-

150 1477 303 1543 dicandae
326 1499 448 1562 ansam,
481 1473 596 1563 adhuc,
618 1480 705 1567 quod
729 1502 789 1564 ego
813 1480 915 1561 video,
937 1481 1033 1567 plane
1054 1480 1244 1566 neglectam,

150 1582 283 1668 epistula
304 1581 359 1646 illa
381 1583 426 1653 M.
449 1585 585 1650 Antonii
606 1582 647 1648 ad
669 1582 813 1648 Hirtium
836 1583 1000 1649 consulem
1024 1593 1056 1648 et
1079 1583 1121 1648 ad
1145 1583 1242 1650 Octa·

146 1687 278 1750 vianum
308 1685 384 1752 data
412 1687 563 1774 praebet,
596 1709 694 1772 quam
724 1685 838 1752 Cicero
864 1688 909 1780 'ad
938 1686 1075 1754 verbum
1104 1687 1243 1757 orationi

145 1789 343 1877 Philippicae
371 1791 485 1856 tertiae
515 1791 659 1856 decimae
690 1791 867 1873 intexuit²)
920 1791 1049 1877 Scripta
1080 1799 1130 1855 est
1162 1789 1243 1856 haec

145 1892 283 1981 epistula
304 1893 347 1959 ab
363 1895 516 1977 Antonio,
537 1903 710 1982 postquam
725 1893 929 1960 Dolabellam
945 1918 965 1959 a
981 1902 1096 1960 senatu
1111 1892 1239 1960 hostem

146 1999 319 2062 iudicatum
343 2020 414 2064 esse
436 1997 590 2083 cognovit
611 1995 664 2081 (cl.
686 1995 769 2060 Phil.
795 1999 844 2078 13,
865 1998 924 2064 23:
956 1996 1142 2079 „videamus
1164 1997 1242 2086 quid

147 2102 392 2168 molesteferas:
415 2101 603 2166 ‘Hostem
625 2098 1241 2188 iudicatumhoctemporeDo·

150 2202 341 2270 labellam
364 2227 411 2285 eo,
433 2204 520 2291 qnod
543 2204 694 2270 sicarium
717 2204 879 2287 occiderit,
903 2216 935 2270 et
956 2206 1060 2270 videri
1083 2205 1242 2270 cariorem

150 2308 259 2394 populo
280 2310 427 2376 Romano
448 2308 548 2372 filium
571 2330 710 2392 scurrae,
732 2330 829 2396 quam
853 2307 888 2383 O.
906 2309 1090 2392 Caesarem,
1113 2311 1239 2398 patriae

147 2423 321 2500 parentem,
350 2413 627 2499 ingemiscendum
659 2415 759 2494 est’.“)
814 2411 897 2478 Cum
927 2437 1004 2481 vero
1033 2415 1166 2480 nuntius
1198 2415 1240 2480 de

145 2516 312 2584 Dolabella
341 2519 432 2584 hoste
462 2516 604 2583 iudicato
636 2517 678 2582 ad
700 2516 744 2582 hl.
767 2517 945 2583 Antonium
967 2519 1127 2585 Mutinam
1153 2518 1237 2586 obsi-

142 2621 286 2704 dentem,
315 2621 451 2687 Antonii
478 2620 604 2686 litterae
633 2619 677 2685 ad
699 2619 841 2684 Hirtium
872 2631 905 2686 et
927 2620 1166 2706 Octavianum,
1196 2623 1237 2689 ab

137 2725 246 2794 Hirtio
279 2725 322 2791 ad
346 2724 537 2791 Ciceronem
566 2746 632 2790 non
654 2723 777 2789 minore
800 2744 899 2810 quam
919 2724 1088 2791 duodecim
1111 2727 1237 2792 dierum

138 2830 283 2917 spatio³)
312 2828 448 2917 perferri
477 2829 641 2916 potuerint
670 2836 703 2892 et
725 2847 798 2892 cum
820 2849 857 2892 or
878 2825 961 2896 Phil.
988 2831 1050 2909 13,
1081 2839 1238 2917 utsupra

136 2932 453 3020 demonstavimus,⁴)
485 2955 514 3000 a.
536 2931 565 2996 d.
588 2930 682 2996 XIII.
705 2930 779 2997 Kal.
802 2929 881 3018 Apr.
910 2929 1024 2998 habita
1054 2934 1112 3013 sit,
1137 2933 1238 3000 Dola·

136 3037 259 3103 bellam
298 3059 363 3103 non
395 3045 470 3124 post
495 3035 607 3101 Nonas
637 3034 774 3101 Martias
804 3032 930 3099 hostem
959 3035 1136 3102 iudicatum
1166 3059 1238 3104 esse

135 3141 310 3208 contendo.
341 3141 530 3207 Orationem
549 3148 657 3205 autem
672 3137 887 3226 Philippicam
901 3138 1106 3206 undecimam
1122 3139 1237 3208 Cicero

134 3245 294 3333 postridie
330 3247 398 3311 eius
428 3244 508 3325 diei,
541 3266 604 3332 quo
634 3241 806 3308 Dolabella
835 3242 936 3306 hostis
967 3242 1149 3310 declaratus
1179 3254 1236 3325 est,

135 3350 221 3414 dixit
241 3348 296 3436 (cf.
319 3348 401 3414 Phil.
427 3350 476 3430 11,
492 3350 550 3414 16:
574 3349 700 3430 „Quam
722 3347 764 3412 ob
787 3367 865 3420 rem,
889 3348 1042 3432 quoniam
1064 3347 1237 3414 Dolabella

135 3454 333 3520 hesterno
364 3452 430 3518 die
462 3450 583 3518 hoste
615 3452 784 3517 decreto
816 3449 937 3516 bellum
965 3451 1146 3539 gerundum
1178 3463 1236 3533 est,

135 3557 313 3645 imperator
341 3565 390 3621 est
420 3555 645 3642 diligendus.“)
696 3553 812 3642 Itaque
839 3577 879 3620 ex
902 3555 965 3621 hac
986 3555 1116 3643 quidem
1137 3556 1235 3621 ratio-

137 3661 296 3725 cinatione
326 3659 497 3747 epistulam
525 3660 566 3724 ad
593 3659 782 3741 fam.12,l
816 3683 881 3726 non
907 3660 1006 3724 multo
1029 3669 1104 3746 post
1125 3660 1237 3726 Nonas

136 3763 274 3828 Martias
283 3763 435 3850 scriptam
445 3784 516 3827 ese
525 3763 676 3851 sequitur.
692 3761 840 3827 Eandem
852 3763 1159 3828 adterminationem
1171 3764 1236 3830 alia

147 3943 151 3946 .
189 3939 346 3948 ...ψ-

209 4040 235 4109 1)
253 4038 402 4094 Drumann
420 4039 442 4105 1,
461 4039 609 4094 aes-att.
644 4039 746 4110 Lange
763 4038 814 4108 111,
833 4040 894 4107 528,
913 4037 973 4092 529.

204 4127 232 4192 2)
251 4127 290 4180 cf.
308 4125 384 4180 Phil.
403 4126 446 4195 13,
465 4127 576 4181 22-46·
674 4147 678 4156 ·

207 4212 235 4280 3)
255 4211 292 4267 ef.
310 4230 337 4282 p.
357 4214 434 4268 5-6.

205 4301 232 4372 4)
250 4301 287 4355 cf.
306 4319 333 4372 p.
352 4303 393 4356 29.
