3140 4762
614 271 826 336 -29..

256 445 326 532 Ep.
350 443 401 508 ad
422 443 467 507 Μ.
490 443 602 508 Brut.
620 444 650 524 2,
668 445 684 507 1
702 451 816 529 postea
830 444 1023 528 scripteent,
1045 463 1143 528 Qum
1157 440 1268 508 Panna

170 548 299 628 consul,
332 547 388 634 qui
420 543 602 612 delactuum
636 544 858 610 habendorum
892 565 993 609 causa
1024 544 1147 609 diutius
1168 565 1265 631 quam

170 647 297 716 Hirtius
318 647 441 715 Rerum
463 651 668 734 manseratl)
690 647 733 714 ad
754 647 795 713 D.
818 647 956 713 Brutum
978 647 1181 714 liberandum
1195 648 1267 712 Mu·

169 755 273 819 tinam
294 753 460 842 profectus
483 762 540 820 est.
583 751 668 818 Nam
688 773 731 819 ex
752 752 876 840 primae
891 771 1020 838 paragr.
1037 751 1146 816 verbis
1161 751 1266 816 hiscaz
1341 767 1346 782 ⁸

171 857 241 940 „his
257 858 342 920 enim
357 854 553 920 exurentibus
566 855 776 941 ducibusque,
791 878 871 942 quos
887 854 1052 933 habemus,
1066 853 1154 919 nullo
1169 853 1266 920 modo

171 967 317 1046 poteram
332 957 497 1040 diffider03
515 979 621 1045 neque
635 957 841 1024 adsentiebar
855 959 970 1024 maiori
985 957 1070 1044 parti
1083 955 1266 1040 hominum3

172 1061 266 1126 fidem
299 1061 384 1125 enim
413 1059 581 1126 consulum
610 1083 676 1128 non
705 1061 975 1141 condemnabam,
1005 1083 1089 1148 quae
1116 1069 1266 1148 suspects

171 1165 377 1229 vehementer
405 1175 483 1229 erat.
535 1165 773 1231 Desiderabam
803 1187 868 1230 non
900 1163 996 1229 nullis
1016 1166 1052 1228 in
1072 1164 1171 1230 rebus
1190 1186 1266 1251 pun·

172 1268 315 1332 dentiam
335 1279 369 1331 et
390 1267 595 1349 celeritatem,
618 1290 683 1355 qua
706 1271 733 1334 si
755 1278 863 1336 emant
884 1268 944 1349 usi,
965 1272 1031 1332 iam
1053 1269 1180 1354 pridem
1193 1291 1266 1336 rem

172 1371 333 1458 publicam
354 1379 668 1456 recuperassemus;“
692 1371 890 1454 Ciceronem,
907 1391 980 1434 cum
995 1369 1081 1435 hanc
1094 1371 1265 1457 epistulam
1278 1395 1280 1400 ·

174 1475 272 1559 duret,
294 1483 464 1560 utrumque
486 1474 650 1541 consulam
672 1477 862 1542 militantem
884 1475 1045 1558 cogitasse
1059 1474 1265 1560 intellegitur.

172 1577 408 1662 Quamobrem,
434 1588 470 1643 ut
498 1580 689 1663 terminum,
716 1591 790 1668 poet
820 1601 916 1666 quem
937 1599 988 1664 ep.
1011 1577 1055 1641 ad
1076 1578 1168 1643 Brut
1191 1580 1222 1661 2,
1247 1582 1262 1644 1

170 1681 251 1746 data
273 1682 331 1760 sit,
359 1681 606 1766 investigemus,
626 1706 689 1771 quo
712 1684 767 1750 die
786 1684 897 1750 Pansa
917 1681 1021 1748 Roma
1043 1703 1193 1767 egressus
1214 1684 1266 1763 ait,

170 1782 377 1849 statuendum
398 1795 456 1851 est.
548 1835 554 1853 .

258 1886 332 1968 Qua
358 1888 392 1953 in
422 1891 611 1976 quaestione
639 1889 847 1956 diiudicanda
876 1889 973 1978 plane
994 1890 1062 1955 fere
1083 1911 1157 1954 uum
1179 1887 1265 1954 Dru·

168 2013 288 2058 manno
301 1995 327 2068 θ)
356 1992 451 2059 inuio.
504 1993 588 2058 Nam
615 2015 688 2058 cnm
708 1992 820 2058 Pansa
848 2016 877 2058 a.
905 1995 936 2063 d.
967 1992 1060 2059 XIV.
1091 1991 1164 2060 Kal.
1186 1993 1265 2079 Apu.
1327 2035 1330 2042 ,

168 2095 269 2158 stiam
289 2094 412 2160 Romae
433 2105 519 2160 esset
540 2097 612 2182 (cfr.
636 2119 683 2184 ep.
707 2097 751 2162 ad
772 2097 847 2162 fam.
873 2100 922 2179 12,
944 2099 996 2177 25,
1020 2100 1053 2164 1:
1076 2095 1263 2182 „Quinqua-

172 2195 275 2262 tribus
301 2197 461 2284 frequenti
490 2209 604 2266 senatu
627 2221 760 2266 caueam
781 2209 872 2264 tuam
893 2201 947 2285 egi
969 2251 976 2265 .
1001 2248 1008 2262 .
1030 2251 1037 2266 .
1060 2199 1171 2264 Pensa
1191 2209 1266 2263 tuas

173 2298 296 2367 titteras
323 2301 520 2388 recitavits)
549 2305 579 2367 ei
608 2306 750 2387 senatui,
783 2305 818 2369 in
847 2324 910 2389 quo
935 2301 1049 2369 Cicero
1080 2314 1161 2372 orat.
1181 2301 1266 2370 PhiI

173 2403 298 2468 tertiam
329 2415 362 2469 et
392 2404 550 2470 decimam
577 2391 708 2487 habuit,
734 2394 802 2472 non
831 2407 901 2472 iam
923 2407 1068 2472 interfuit
1088 2407 1160 2493 (cfr.
1182 2406 1265 2474 Phil.

172 2507 222 2589 13,
240 2508 294 2572 16:
310 2506 453 2587 „Caesar
467 2510 607 2574 confecit
619 2511 778 2574 invictum
792 2513 985 2594 exereitum
1001 2510 1081 2575 duo
1095 2510 1265 2576 fortissimi

168 2610 319 2676 censurias
333 2611 453 2676 adsunt
467 2613 657 2699 cumcupiis
671 2613 753 2699 stc.).
778 2612 863 2678 Phil.
880 2614 928 2679 13.
943 2622 1061 2694 autem,
1074 2635 1139 2699 qua
1152 2611 1266 2678 Cicero

166 2711 306 2798 lapido,
333 2715 392 2800 qui
410 2715 525 2782 litteris
547 2716 590 2781 ad
614 2727 761 2782 senatum
783 2715 869 2781 datis
890 2737 1004 2802 mem
1027 2739 1099 2780 oum
1121 2716 1265 2780 Antonio

167 2815 353 2882 inciendam
375 2819 674 2901 commendaverat,
705 2819 944 2903 adversatun,⁸)
966 2841 995 2885 a.
1018 2818 1049 2887 d.
1072 2817 1168 2888 XIII.
1189 2818 1266 2887 KaI.

169 2920 259 3005 Aps,
282 2921 302 2987 i.
324 2942 350 2986 e.
372 2923 529 3008 posuidie
551 2924 621 2988 eius
641 2922 715 3005 diei,
736 2943 799 3008 quo
820 2921 933 2987 eausa
956 2920 1267 2991 Gomifisiivlitterus

170 3025 383 3108 recitaverat,
412 3026 558 3092 habitam
580 3049 659 3092 esse
690 3027 835 3113 sequitur
856 3048 898 3092 ex
919 3047 970 3111 ep.
991 3025 1037 3090 ad
1055 3025 1134 3092 Iam.
1159 3026 1208 3105 10,
1230 3029 1266 3092 6.;

169 3125 284 3209 „Quae
313 3128 439 3194 locutus
472 3141 522 3198 est
550 3131 695 3196 Furnius
725 3138 835 3196 noster
865 3129 906 3194 de
933 3128 1041 3194 animo
1063 3137 1119 3195 tuo
1135 3131 1175 3196 in
1197 3151 1266 3196 uum

170 3230 344 3318 publicam,
366 3255 405 3298 aa
427 3235 614 3318 grati-ima
634 3233 766 3300 fuerunt
778 3232 908 3298 senatui
919 3231 1106 3318 populoque
1120 3232 1266 3298 Romano

165 3334 414 3422 probatissima,
436 3357 519 3424 quae
541 3345 650 3404 autem
670 3337 826 3402 recitem
847 3333 973 3402 litterae
996 3345 1072 3402 sunt
1093 3339 1128 3402 in
1142 3346 1266 3418 senatu,

170 3459 375 3526 nequaquam
407 3442 589 3508 consentire
622 3461 696 3506 uum
727 3439 843 3506 Furnii
875 3441 1022 3507 oratione
1055 3441 1145 3507 uisae
1174 3450 1266 3504 sunt:

172 3543 262 3628 pacis
292 3546 378 3609 enim
408 3553 520 3610 auctor
549 3567 622 3610 cras
643 3595 651 3610 .
674 3593 681 3612 .
706 3591 743 3612 ..
773 3542 840 3610 Sed
870 3543 910 3608 de
939 3563 1020 3630 pace
1052 3543 1179 3610 litteruc
1201 3543 1266 3608 vel

170 3643 324 3735 Lepidi
352 3647 406 3712 vel
425 3656 500 3712 tuae
522 3671 620 3736 quam
640 3650 675 3714 in
695 3657 822 3735 partem
845 3656 997 3735 acceptae
1019 3644 1100 3728 sint,
1132 3669 1173 3711 ex
1195 3647 1266 3713 viro

170 3752 302 3837 optimo,
324 3751 424 3816 fratre
446 3763 513 3835 tuo,
540 3763 572 3817 et
593 3775 635 3818 ex
656 3753 780 3818 Furnio
803 3752 923 3840 poteris
946 3770 1171 3835 cognoscere.
1195 3799 1203 3814 .
1227 3803 1234 3817 .
1260 3803 1268 3820 .

170 3853 202 3923 d.
224 3853 320 3920 XIII.
338 3856 409 3922 Kal.
424 3859 521 3944 Apr.“
563 3856 673 3922 Pansa
694 3858 793 3942 igitur
807 3854 911 3921 Roma
932 3854 1099 3940 profectus
1117 3863 1168 3919 est
1181 3855 1266 3920 intra

171 4013 186 4018 -.
210 4013 380 4022 -ο-..-..-.

240 4116 267 4182 1)
285 4115 433 4170 Dittmann
451 4113 473 4179 Ι,
491 4114 639 4180 ass-245,
659 4114 755 4184 Lange
771 4111 819 4178 111,
837 4113 898 4169 ⁶22.

238 4203 267 4268 θ)
285 4201 433 4258 Drumann
452 4201 474 4266 Ι,
492 4201 553 4256 282.

238 4291 268 4359 3)
285 4289 434 4346 Drumunn
453 4287 475 4354 I,
493 4289 648 4358 seu-2863
667 4289 763 4360 Lange
781 4287 835 4360 111,
852 4288 913 4356 530,
931 4287 990 4343 531.
