3140 4762
506 271 825 376 ¹-33-

166 439 433 524 coniungendam
461 461 558 522 esse,
578 451 614 508 ut
636 463 684 528 ep.
707 442 729 507 ὁ
751 441 918 529 usquead
941 464 1036 508 voces
1060 441 1140 522 „hoc
1161 443 1266 527 magis

167 545 266 612 doleo
289 543 425 609 Asiam“
445 545 593 630 priorem,
616 567 665 632 ep.
688 547 708 610 3
730 546 939 632 posteriorem
962 545 1120 632 epistulae
1141 554 1267 633 partem

167 649 300 726 efficiat,
322 647 457 711 sanein
479 656 630 736 promptu
650 648 739 734 est.²)
759 684 803 698 -

257 751 318 814 Ex
341 771 397 836 ep.
422 750 470 815 ad
491 750 534 816 M.
558 751 671 818 Brut.
694 753 839 834 2,4et
860 754 938 834 2,6
966 753 1266 818 HermannusMa·

171 855 263 921 nutio
294 861 426 920 auctore
458 876 555 919 uuam
587 854 757 941 epistulam
779 855 1066 942 conglutinandum
1088 877 1159 921 esse
1181 854 1266 920 arbi·

171 966 278 1024 tratus
297 967 364 1024 cst.
417 956 492 1039 Qua
522 957 563 1024 de
584 980 620 1025 re
641 959 750 1046 paullo
772 959 865 1026 aliter
888 961 999 1028 sentio.
1050 960 1134 1026 Nam
1156 982 1267 1047 quam-

173 1084 289 1150 quam,
315 1061 402 1149 quod
425 1061 468 1125 ad
489 1085 541 1127 res
562 1064 595 1126 in
620 1073 756 1149 utraque
777 1071 934 1130 tractatas
957 1065 1088 1147 attinet,
1118 1074 1151 1130 ot
1172 1085 1222 1150 op.
1245 1065 1266 1127 4

172 1177 205 1232 et
227 1188 275 1252 ep.
298 1166 319 1230 6
341 1165 436 1230 Bruti
458 1165 614 1253 epistulae
635 1164 679 1230 illi
703 1189 743 1232 ex
767 1189 814 1253 ep.
835 1168 855 1232 3
878 1177 917 1232 ot.
940 1169 1024 1254 ep.5
1047 1169 1267 1234 conformatae

171 1269 363 1356 respondet,
392 1277 517 1350 tamen,
547 1291 588 1334 ne
610 1270 644 1334 in
667 1291 765 1334 unam
789 1270 959 1355 epistulam
982 1293 1037 1336 eas
1060 1271 1266 1344 confundam,

174 1397 221 1462 ep.
236 1376 257 1440 4
270 1395 399 1462 paragr.
416 1373 538 1458 primae
553 1394 757 1440 commoveor
771 1373 879 1440 verbis
895 1375 1000 1439 hisce:
1023 1373 1156 1462 „Itaque
1170 1395 1266 1440 mane

175 1477 274 1564 pridie
294 1477 341 1542 Id.
364 1477 458 1565 Apu,
488 1495 560 1540 cum
590 1498 610 1540 a
632 1476 764 1562 Scaptio
797 1477 914 1542 certior
944 1477 1050 1542 factus
1073 1499 1177 1542 essem
1199 1499 1266 1542 non

175 1605 243 1648 esse
273 1603 329 1647 eos
356 1580 535 1667 profectos,
563 1579 680 1666 quibus
708 1578 814 1667 pridie
836 1580 997 1660 dederam,
1020 1588 1053 1646 et
1076 1581 1184 1646 statim
1207 1581 1265 1663 ire,

171 1686 246 1753 hoc
266 1681 500 1772 paullulum
523 1684 704 1748 exaravi
723 1685 870 1769 ipsein
886 1682 1266 1749 turbamatutinae

172 1787 481 1854 salutationis“
503 1808 586 1873 quae
608 1786 651 1851 ad
673 1787 842 1874 epistulam
866 1791 906 1854 ex'
929 1787 1014 1874 ep.4
1036 1797 1068 1851 et
1091 1808 1139 1872 ep.
1154 1787 1174 1850 6
1191 1775 1283 1851 con-⁵

172 1893 352 1974 formam,
376 1892 484 1959 satis
506 1889 689 1974 longam,
712 1889 828 1956 referri·
841 1878 1012 1976 nequeunt.
1049 1889 1164 1978 Itaque
1179 1890 1266 1977 ep.4

172 2005 335 2082 tamquam
358 1993 456 2059 breve
479 2002 575 2080 atque
596 2013 743 2080 pressum
765 2013 956 2078 responsum
979 2015 999 2057 a
1022 1990 1187 2072 Cicerone,
1210 1994 1265 2078 qui

172 2100 264 2164 Bruti
303 2120 352 2185 ep.
385 2098 406 2162 3
437 2097 473 2183 (5
501 2105 533 2160 et
561 2097 595 2182 3)
632 2103 818 2182 acceperat,
853 2094 957 2182 pridie
985 2094 1032 2161 Id.
1063 2095 1143 2182 Apr.
1171 2115 1265 2159 mane

175 2202 347 2268 tabellariis
378 2199 420 2264 ad
442 2201 485 2266 M.
509 2200 645 2264 Brutum
667 2199 859 2285 profecturis
883 2198 992 2264 datam
1015 2219 1086 2262 esse
1108 2200 1266 2284 censeo,²)

177 2329 224 2394 ep.
248 2307 266 2372 6
288 2314 394 2371 autem
424 2301 532 2389 paullo
554 2311 628 2389 post
657 2341 699 2350 -
730 2311 816 2368 certe
846 2311 921 2367 ante
944 2310 1092 2366 senatum
1115 2301 1161 2366 Id.
1186 2303 1266 2387 Apr.

174 2411 330 2492 habitum,
366 2409 443 2495 quia
478 2407 609 2489 Cicero,
645 2427 728 2492 quae
762 2406 796 2470 in
833 2405 886 2471 illo
925 2414 1040 2470 senatu
1079 2413 1153 2469 acta
1182 2413 1266 2487 sunt,

173 2513 307 2604 epistula
338 2512 476 2598 septima
505 2507 605 2574 Bruto
636 2509 798 2574 nuntiavit
830 2547 867 2560 -
897 2517 1064 2597 tamquam
1093 2506 1266 2595 appendix,

170 2638 234 2704 quo
255 2639 307 2682 res
330 2617 364 2680 in
385 2636 433 2700 ep.
450 2614 472 2679 4
493 2613 740 2700 praetermissae
761 2611 1015 2693 absolverentur,
1038 2620 1172 2676 exarata
1195 2632 1265 2675 esse

169 2721 306 2786 videtur.
466 2781 468 2788 ,
666 2763 669 2770 .

256 2823 322 2908 Ep.
346 2820 396 2886 ad
418 2820 462 2886 M.
487 2820 593 2886 Brut.
617 2817 690 2897 2st
714 2818 776 2882 alio
800 2817 852 2881 die
874 2816 990 2902 acqui
1013 2815 1196 2904 adscriptus
1216 2827 1266 2883 est

167 2926 281 3012 „XIIL
303 2923 441 2992 Kalend.
463 2922 586 2988 Maias“
616 2921 727 2988 datam
754 2943 845 3001 esse,
871 2918 958 2984 infra
980 2918 1023 3005 (p.
1047 2921 1189 3010 37—40)
1212 2922 1265 2988 de-

170 3028 412 3097 monstrabitur.
435 3065 476 3075 -

257 3133 328 3198 Iam
350 3130 392 3198 ab
414 3131 477 3195 hac
499 3127 699 3214 digressione
715 3126 824 3214 ampla
838 3126 979 3215 quidem,
1000 3125 1067 3208 sed,
1091 3134 1127 3190 ut
1142 3128 1265 3212 opinor,

169 3237 354 3304 necessaria
377 3234 419 3300 ad
441 3256 498 3320 ep.
522 3231 568 3298 ad
592 3233 681 3296 fam.
707 3232 764 3312 12,
786 3232 807 3295 6
828 3238 1037 3296 revertamur.
1063 3267 1102 3280 -

254 3341 361 3428 Atque
394 3336 542 3422 equidem
573 3334 659 3400 bauo
685 3333 857 3422 epistulam
892 3332 1005 3398 eodem
1028 3332 1096 3398 fere
1118 3341 1262 3417 tempore

76 3445 81 3458 ’
171 3443 280 3512 datam
303 3464 379 3510 csse
397 3461 533 3522 censeo,
561 3459 625 3524 quo
649 3459 698 3524 ep.
722 3436 764 3502 ad
785 3435 829 3502 M.
851 3435 942 3502 Brut.
965 3437 996 3518 2,
1020 3437 1036 3500 1
1062 3437 1182 3522 scripta
1205 3444 1261 3500 est

169 3549 254 3616 Nam
276 3545 433 3633 epistulae
454 3541 498 3606 ad
520 3543 593 3608 farn.
619 3535 704 3621 12,ss
727 3540 835 3606 verbis
857 3537 962 3605 hisce:
985 3537 1066 3619 „Res
1089 3560 1162 3603 cum
1184 3538 1265 3604 haec

170 3650 368 3730 scribebam,
398 3656 469 3712 erat
499 3645 533 3709 in
559 3652 738 3711 extremum
760 3643 901 3708 adducta
924 3641 1112 3722 discrimem
1142 3640 1265 3706 Brutus

169 3756 254 3824 enirn
276 3754 423 3822 Mutinae
444 3749 501 3815 vix
522 3749 587 3813 iam
611 3747 805 3814 sustinebat:
836 3747 891 3833 qui
914 3747 942 3812 si
964 3752 1174 3810 conservatus
1197 3746 1265 3826 erit,

240 4027 266 4099 1)
285 4027 322 4081 cf.
341 4025 482 4095 exemplar
505 4022 704 4094 Wesenbergii.

239 4116 266 4186 2)
286 4115 336 4186 Ep.
358 4114 376 4168 4
401 4119 458 4165 tres
483 4112 677 4182 paragraphos
701 4107 875 4178 complexam
900 4117 961 4159 esse
983 4106 1066 4173 puto;
1091 4103 1129 4157 cf.
1146 4105 1264 4173 exempl.

169 4202 302 4258 Wesenb.
322 4201 360 4256 ad
377 4199 416 4255 Μ.
434 4196 512 4256 Brut.
531 4199 556 4263 2,
574 4199 592 4252 4
610 4213 697 4268 usque
715 4197 866 4250 advoces:
890 4188 980 4260 „nihil
997 4188 1066 4244 mibi
1084 4189 1189 4244 videris
1210 4190 1265 4246 hoc

170 4285 295 4362 tempore
313 4286 413 4342 melius
432 4287 570 4340 acturum
1038 4363 1056 4416 3
