3140 4762
688 249 895 312 ..46-

249 429 346 488 nante
371 421 539 486 certiorem
568 419 690 486 factum
720 419 962 506 responsionem
987 418 1071 484 diem
1100 439 1142 482 ex
1162 418 1214 483 die
1235 419 1338 506 prola·

248 533 344 608 tasse,
366 525 474 612 quoad
496 525 535 590 de
550 524 692 592 Antonio
714 523 827 608 fugato
852 531 947 609 atque
969 523 1009 588 de
1023 522 1064 588 D.
1081 523 1181 588 Bruto
1205 522 1339 589 liberato

249 628 399 694 audisset.
442 635 542 695 Immo
566 667 605 678 -
629 651 667 694 eo
689 628 770 714 ipso,
792 626 878 714 quod
895 649 942 713 ep.
957 626 986 690 4.
1001 625 1113 691 Ibidus
1127 627 1224 692 Maiis
1240 627 1341 715 sripta

249 740 313 814 est,
343 741 453 798 nostra
483 733 523 796 de
554 730 735 820 epistula3
764 731 798 795 in
828 729 908 794 duas
938 728 1092 816 epistulas
1118 730 1340 796 distribuenda

248 835 408 901 sententia
431 835 643 900 confirmatur.
687 833 779 916 Nam,
802 833 828 897 si
852 857 900 922 ep.
922 833 944 898 4
965 833 1008 898 ad
1031 833 1200 922 epistulam
1214 837 1245 903 3.
1260 857 1340 900 non

249 939 395 1021 divisam,
426 962 453 1005 a.
477 938 508 1006 d.
530 939 573 1008 X.
595 937 668 1003 Kal.
691 937 768 1006 Mai.
791 938 911 1002 Romae
934 936 1052 1020 datam,
1078 939 1187 1024 itaque
1210 960 1235 1003 c.
1259 959 1286 1004 a.
1310 934 1340 1002 d.

247 1043 304 1109 VI.
333 1043 413 1110 Non.
440 1041 516 1107 Mai.
567 1040 809 1130 Dyrrhachium
837 1039 1007 1128 perlatam,
1035 1041 1256 1129 responderet,
1283 1062 1341 1105 cur

246 1146 291 1214 M.
315 1146 434 1210 Brutus
457 1167 528 1210 eam
543 1143 654 1210 Idibus
669 1146 746 1212 Mai.
768 1145 896 1210 demum
918 1145 1106 1232 scripsisset,
1122 1145 1251 1210 omnino
1273 1163 1339 1208 non

233 1248 489 1334 intellegeretur.
510 1285 553 1298 -

333 1353 396 1441 Ep.
420 1350 467 1417 ad
489 1351 531 1418 M.
554 1352 666 1417 Brut.
690 1353 726 1433 1,
747 1351 785 1418 5:
809 1351 886 1417 data
909 1360 965 1432 est,
988 1372 1061 1416 cum
1084 1351 1183 1416 animi
1205 1351 1340 1416 victoria

245 1455 423 1522 Mutinensi
442 1457 656 1522 incitatissimi
678 1455 785 1543 paullo
809 1457 912 1521 sedati
934 1465 1049 1538 essent,
1072 1477 1099 1521 a.
1123 1455 1153 1520 d.
1177 1453 1236 1518 III.
1258 1453 1340 1521 Non.

245 1559 321 1627 Mai.
366 1559 583 1641 Quamobrem
600 1559 723 1642 Cicero,
746 1582 828 1646 quae
851 1569 981 1625 senatus
997 1561 1079 1624 inter
1093 1579 1238 1648 pugnam
1252 1556 1340 1645 apud

245 1664 367 1729 Forum
383 1663 550 1730 Gallorum
572 1673 604 1730 et
618 1665 836 1730 Mutinensem
857 1662 979 1728 Romae
1000 1664 1165 1747 cognitam
1188 1663 1338 1744 decrevit,

246 1775 282 1831 ut
297 1767 431 1833 Cassius
455 1777 486 1834 et
510 1770 537 1833 si
560 1791 577 1834 c
599 1790 634 1832 re
657 1766 787 1855 publiea
810 1773 903 1851 esset,
926 1768 1025 1830 etiam
1043 1766 1088 1831 M.
1104 1766 1223 1832 Brutus
1239 1767 1337 1832 Dola·

244 1869 361 1936 bellam
383 1871 466 1938 bello
488 1880 750 1958 persequeretur,
772 1871 834 1936 hac
856 1870 992 1958 epistula
1014 1871 1121 1936 refert.
1165 1868 1212 1960 (ξ.
1238 1871 1281 1958 1.)

329 1973 398 2063 Ep.
421 1974 469 2040 ad
492 1975 535 2040 M.
558 1975 669 2044 Brut.
694 1976 728 2058 l,
751 1975 788 2041 6:
811 1975 888 2040 data
910 1983 969 2058 est,
992 1983 1028 2039 ut
1047 1974 1146 2059 vulgo
1171 1973 1330 2040 scribitur:

243 2077 369 2160 „XVIL
383 2078 424 2144 K.
439 2079 554 2144 Junias
578 2102 619 2145 ex
641 2080 766 2162 castris,
789 2078 831 2143 ad
853 2079 951 2145 imam
969 2079 1197 2160 Candaviam“,
1218 2100 1282 2166 quo
1302 2078 1333 2142 in

243 2181 296 2246 die
317 2181 522 2248 vehementer
544 2184 679 2251 offendo.
724 2184 808 2249 Nam
832 2204 905 2248 cum
927 2207 968 2249 ex
989 2205 1119 2273 paragr.
1134 2183 1240 2271 prima
1254 2182 1336 2247 hanc

243 2283 413 2371 epistulam
443 2286 484 2350 ad
515 2288 660 2374 quintam
693 2287 835 2352 eiusdem
866 2287 939 2352 libri
966 2287 1136 2375 epistulam
1165 2309 1194 2353 a.
1224 2287 1253 2352 d.
1275 2283 1336 2354 ΙΙΙ.

241 2387 323 2454 Non.
338 2389 415 2457 Mai.
438 2389 551 2472 datam
570 2393 760 2480 rescriptam
782 2414 853 2456 esse
875 2391 1009 2472 eluceat,
1032 2391 1059 2455 si
1081 2390 1166 2456 diem
1180 2388 1337 2477 epistulae

243 2493 272 2558 6.
294 2492 392 2578 vulgo
408 2493 606 2581 adscriptum
626 2495 847 2573 retineremus,
870 2481 1015 2582 quintam
1029 2495 1198 2584 epistulam
1213 2494 1335 2560 decimo

242 2596 294 2661 vel
309 2595 477 2662 undecimo
494 2596 555 2682 die,
571 2599 658 2685 quod
673 2600 825 2687 temporis
837 2601 977 2689 spatium
990 2600 1030 2666 nd
1042 2600 1104 2666 iter
1114 2600 1217 2666 Roma
1230 2599 1334 2685 Dyr-

163 2718 167 2724 ·
243 2698 469 2766 rhaehium'
484 2703 717 2771 conficiendum
741 2705 964 2792 suppeditasse
986 2707 1122 2788 videtur,
1146 2704 1336 2769 adimam

245 2802 516 2892 Candaviam,
544 2830 626 2895 quae
653 2810 744 2894 regio
774 2811 849 2877 circ.
873 2810 937 2876 100
958 2833 1019 2897 pm.
1042 2809 1170 2895 longius
1194 2832 1214 2873 a
1235 2808 1336 2874 Roma

243 2930 339 2994 quarn
353 2908 594 2991 Dyrrhachium
609 2911 760 2994 distabat,
781 2912 921 2978 delatam
937 2935 1006 2978 esse
1022 2913 1228 2978 statuendum
1243 2918 1335 2976 esset.

242 3011 416 3078 Praeterea
437 3035 478 3078 ne
499 3015 606 3101 ipsum
628 3015 757 3101 quidem
779 3016 915 3082 Brutum
937 3039 964 3082 a.
992 3016 1022 3086 d.
1045 3014 1152 3082 XVII.
1170 3015 1244 3080 Kal.
1259 3015 1335 3082 Jun.

241 3115 283 3182 ad
306 3117 404 3181 imam
426 3115 631 3184 Candaviam
653 3119 753 3184 fuisse
776 3121 944 3186 verisimile
966 3130 1025 3204 est,
1047 3121 1199 3206 quoniam
1222 3117 1335 3184 Cicero

241 3222 275 3285 in
304 3244 353 3309 ap.
384 3219 426 3286 ad
447 3222 492 3290 M.
515 3221 604 3288 Brut.
636 3225 663 3306 l,
686 3225 716 3306 2,
739 3225 775 3289 2:
806 3224 867 3307 „Et
896 3233 987 3289 tuum
1015 3224 1200 3289 consilium“
1232 3222 1336 3309 inquit

240 3323 466 3409 „vehementer
495 3325 609 3411 laudo,
626 3325 724 3414 quod
754 3350 819 3393 non
846 3328 935 3416 prius
965 3330 1140 3394 exercitum
1163 3325 1336 3415 Apollonia

241 3426 509 3516 Dyrrhachioque
549 3431 695 3513 movisti,
732 3453 828 3517 quam
866 3431 905 3496 de
936 3431 1071 3498 Antonii
1099 3432 1180 3517 fuga
1207 3427 1335 3513 audisti,

240 3531 334 3598 Bruti
363 3534 546 3621 eruptione,
571 3534 681 3622 populi
702 3534 838 3601 Romani
868 3536 1030 3605 victoria.“
1080 3534 1216 3601 Videtur
1237 3534 1336 3621 igitur

241 3635 362 3702 Brutus
385 3644 453 3702 tum
475 3639 604 3703 demum
627 3637 832 3726 Dyrrhachio
855 3638 1017 3726 profectus
1040 3661 1126 3723 esse,
1149 3660 1223 3704 cum
1244 3636 1334 3704 Cice·

240 3740 329 3804 renis
352 3740 522 3826 epistulam
544 3743 605 3825 3b,
628 3765 657 3810 a.
680 3742 709 3811 d.
725 3741 785 3809 ΙΙΙ.
800 3743 881 3811 Non.
896 3743 971 3809 Mai.
995 3742 1113 3826 datam,
1136 3743 1210 3808 circ.
1232 3741 1336 3828 pridie

240 3841 319 3907 Idus
345 3843 451 3910 Maias
485 3848 676 3932 accepisset,
706 3869 806 3933 quam
837 3847 880 3912 ad
908 3849 1186 3915 ratiocinationem
1216 3847 1336 3934 optime

241 3945 388 4034 quadrat,
410 3948 496 4032 quod
511 3949 605 4015 Bruti
620 3973 668 4038 ep.
683 3951 713 4015 4.
729 3949 841 4016 Idibus
856 3951 953 4016 Maiis
976 3953 1096 4040 scripta
1117 3951 1222 4039 prima
1236 3952 1334 4015 totius

240 4053 383 4140 corporis
406 4062 464 4136 est,
495 4054 546 4116 cui
568 4076 627 4135 „ex
649 4055 786 4119 castris“
808 4053 1008 4141 adscriptum
1031 4064 1087 4122 est.
1138 4054 1205 4120 Iter
1226 4063 1334 4119 autem

240 4153 319 4219 illud
341 4157 415 4220 circ.
441 4155 504 4220 100
525 4177 587 4242 pm.
611 4157 697 4244 quod
721 4166 770 4222 est
791 4157 997 4246 Dyrrhachio
1021 4159 1062 4224 ad
1085 4159 1183 4223 imam
1206 4156 1334 4224 Canda-

239 4258 336 4345 viam,
357 4259 478 4327 Brutus
509 4261 604 4325 circ.
628 4260 684 4329 Id.
707 4259 798 4329 Mai.
822 4262 985 4351 profectus
1008 4263 1131 4349 quinto,
1154 4271 1189 4326 ut
1211 4264 1334 4349 opinor,
