3140 4762
789 255 1001 322 -36-

346 427 587 513 computatione
608 427 821 515 perducimur.
866 426 1048 514 Epistulam
1070 428 1155 494 enim
1177 427 1378 508 adfam.12‚
1399 429 1450 508 12,

346 552 411 618 qua
434 529 568 597 Cassius
591 528 634 595 ad
657 529 824 597 Ciceronis
846 530 1015 618 epistulam
1038 531 1080 596 ad
1099 530 1173 596 fam.
1196 533 1247 612 12,
1263 531 1292 606 7,
1316 531 1357 596 de
1380 553 1451 619 qua

346 634 524 722 quaeritur,
554 634 764 722 respondet,¹)
791 633 893 701 Nonis
915 632 1013 700 Maiis
1036 657 1077 699 ex
1099 634 1215 700 castris
1238 634 1349 701 datam
1373 657 1451 702 esse

346 760 387 803 ex
417 736 469 802 die
498 734 661 824 adscripto
686 737 912 823 intellegimus.
963 736 1125 818 Quoniam
1151 746 1260 802 autem
1282 738 1449 806 tabellarii

346 840 389 904 ad
414 840 564 905 Cassium
591 840 720 926 Syriam
750 848 913 906 tenentem
942 840 1078 926 profecti
1107 841 1179 927 plus
1208 843 1451 930 quinquaginta

345 943 414 1008 dies
426 942 452 1028 ²)
481 943 515 1006 in
544 943 659 1008 itinere
686 954 780 1009 erant
806 952 838 1010 et
867 965 916 1031 ep.
945 943 988 1010 ad
1013 943 1089 1012 fam.
1115 943 1205 1025 12,7
1236 946 1344 1030 paullo
1368 955 1449 1012 ante

345 1047 456 1111 Nonas
478 1046 584 1110 Maias
606 1044 719 1125 Cassio
749 1045 877 1112 reddita
907 1068 977 1114 esse
998 1045 1143 1126 videtur,
1165 1047 1321 1135 numquid
1344 1049 1448 1132 aliud,

345 1150 408 1214 nisi
435 1149 605 1236 epistulam
636 1150 679 1215 ad
708 1150 896 1230 fam.12‚7
929 1149 1031 1216 serius
1061 1170 1158 1235 quam
1186 1151 1300 1237 paucis
1330 1150 1447 1217 diebus

348 1260 423 1339 post
444 1251 557 1319 Nonas
579 1253 716 1319 Martias
740 1254 894 1342 scriptam
915 1277 981 1320 non
1002 1274 1074 1318 esse
1096 1251 1346 1320 concludemus?

432 1355 504 1421 Hoc
519 1356 590 1442 ipso
606 1367 798 1442 argumento
810 1357 1010 1437 Schuetaiur,
1023 1355 1161 1437 (imber,
1171 1356 1293 1438 Baiter,
1305 1357 1442 1424 Wesen-

346 1457 488 1544 bergius,
510 1460 565 1546 qui
587 1461 649 1525 viri
672 1459 759 1527 docti
782 1459 951 1549 epistulam
973 1460 1206 1540 adfam.12,l
1231 1468 1289 1524 aut
1303 1468 1444 1527 excunte

346 1584 455 1628 mense
477 1562 597 1630 Martio
620 1573 677 1629 aut
698 1565 831 1630 ineunte
848 1563 952 1651 Aprili
974 1564 1084 1630 datam
1107 1584 1178 1630 esse
1199 1572 1329 1649 putant,
1351 1563 1442 1630 refel-

344 1665 470 1751 luntur,
501 1688 575 1731 cum
604 1667 729 1733 litterae
751 1669 854 1734 Roma
883 1666 925 1731 ad
948 1665 1098 1732 Cassium
1127 1667 1162 1732 iu
1185 1667 1282 1753 Syria
1304 1688 1441 1734 commo·

344 1779 471 1836 rantem
501 1771 574 1836 circ.
605 1770 739 1859 triginta
768 1779 891 1856 septem
913 1769 1025 1838 diebus
1047 1791 1151 1858 neque
1172 1769 1317 1856 perlatae
1338 1793 1438 1858 neque

344 1872 480 1962 perferri
506 1873 649 1961 potuisse
679 1872 888 1959 videantur.³)
935 1873 1050 1960 Itaque
1077 1895 1118 1938 ex
1145 1873 1184 1940 iis
1215 1896 1296 1961 quas
1323 1872 1435 1961 protuli

342 1977 523 2043 rationibus
553 1977 724 2064 epistulam
754 1977 796 2043 ad
825 1977 900 2045 fam.
932 1980 991 2058 12,
1019 1977 1038 2042 l
1075 1999 1156 2044 non
1186 1978 1312 2044 multo
1340 1982 1434 2063 post

345 2083 456 2147 Nonas
477 2081 615 2147 Martias
637 2080 747 2147 datam
769 2103 840 2147 esse
862 2088 1006 2158 constat3
1029 2081 1195 2167 quaeritur
1216 2090 1343 2161 autem,
1362 2101 1429 2166 pos·

346 2187 429 2250 sitne
452 2185 531 2250 data
552 2207 623 2250 esse
645 2194 776 2251 antea.
830 2183 929 2267 Quod
950 2183 1080 2271 quidem
1100 2205 1165 2250 non
1187 2185 1360 2250 verisimile
1381 2189 1432 2249 est.

345 2287 479 2353 Cassius
503 2288 605 2372 enim,
635 2309 708 2354 cum
729 2288 832 2354 Nonis
853 2287 982 2352 Martiis
1008 2311 1048 2354 ex
1069 2287 1185 2354 castris
1207 2287 1375 2354 Taricheis
1397 2284 1436 2351 ad

346 2390 533 2457 Ciceronem
565 2391 766 2476 scriberet,⁴)
797 2412 993 2478 quamquam
1016 2391 1157 2478 Smyrna
1178 2391 1311 2478 propius
1330 2414 1354 2458 a
1375 2391 1436 2456 Ta·

345 2494 462 2560 richeis
490 2516 588 2581 quam
618 2494 660 2559 ab
687 2493 767 2561 urbe
797 2494 925 2567 aberat,
953 2503 1065 2560 tamen
1090 2494 1130 2559 de
1161 2503 1263 2560 morte
1286 2491 1440 2560 Trebonii

344 2598 487 2666 nondum
502 2599 618 2665 certior
632 2599 738 2664 factus
753 2606 832 2664 erat.
861 2597 957 2664 Hanc
972 2599 1095 2666 obrem
1111 2598 1249 2666 fortasse
1263 2619 1305 2663 ne
1321 2598 1442 2664 Romae

344 2703 475 2790 quidem
501 2702 603 2767 Nonis
632 2701 760 2767 Martiis
791 2702 944 2769 Trebonii
977 2711 1112 2769 mortem
1145 2701 1319 2792 cognitam
1342 2701 1443 2766 fuisse

343 2815 566 2896 statueremus,
589 2806 652 2870 nisi
675 2807 716 2871 M.
740 2807 875 2872 Antonii
897 2807 1034 2893 epistula
1058 2827 1086 2873 a.
1107 2804 1139 2874 d.
1159 2803 1251 2869 XIII.
1268 2804 1341 2870 Kal.
1359 2806 1442 2891 Apr.

343 2910 377 2974 in
411 2918 526 2975 senatu
556 2911 691 2975 recitata
722 2909 756 2974 in
785 2911 944 2976 sententia
965 2912 1132 2998 proposita
1153 2930 1362 2998 perseverare
1388 2929 1442 2974 co·

347 3034 505 3098 geremur.
532 3053 564 3062 -

430 3117 589 3203 Denique,
612 3137 653 3181 ne
675 3124 773 3181 ants
795 3117 905 3182 Nonas
928 3115 1064 3183 Martias
1087 3117 1265 3182 orationem
1287 3115 1443 3204 Philippi·

348 3241 420 3287 cam
442 3220 646 3286 undecimam
669 3218 814 3284 habitam
837 3227 875 3284 et·
891 3217 1063 3305 epistulam
1078 3221 1121 3286 ad
1135 3220 1211 3288 fam.
1230 3222 1280 3302 12,
1297 3218 1314 3281 l
1332 3218 1446 3284 datam

343 3347 416 3390 esse
438 3332 598 3412 putemus,
621 3323 776 3409 epistulae
800 3321 842 3387 ad
864 3323 909 3393 u.
934 3323 1021 3387 Brut.
1045 3324 1110 3405 2,3
1132 3322 1240 3390 verbis
1263 3322 1351 3387 hisce
1373 3344 1441 3388 mo·

343 3451 472 3494 nemun:
504 3427 665 3509 „Litteras
687 3435 760 3492 tuas
782 3426 877 3492 valde
900 3434 1062 3512 exspecto,
1085 3449 1166 3515 quas
1190 3425 1346 3513 scripsisti
1369 3432 1445 3513 post

343 3533 473 3598 nuntios
496 3540 679 3597 nostrarum
700 3551 809 3596 rerum
831 3539 864 3596 et
886 3530 925 3595 de
947 3537 1050 3594 morte
1071 3527 1256 3610 Trebonii“;
1284 3551 1303 3594 s
1325 3528 1444 3615 quibus

344 3633 430 3699 duae
451 3655 503 3700 res
526 3634 651 3701 elucere
674 3633 832 3715 videntur,
854 3634 1002 3721 primum,
1025 3633 1172 3698 nuntium
1193 3631 1233 3698 de
1247 3641 1350 3697 morte
1365 3632 1444 3698 Tre-

417 3927 444 3994 1)
464 3928 500 3980 cl.
519 3942 634 3995 paragr.
653 3927 667 3978 1
687 3940 730 3995 ep.
750 3924 787 3978 ad
805 3924 872 3980 fam.
891 3925 939 3992 12,
965 3925 997 3978 12
1017 3967 1023 3979 .
1043 3963 1076 3979 .,
1100 3923 1176 3995 „legi
1193 3930 1256 3978 tuas
1275 3925 1391 3990 litteras,
1411 3922 1441 3976 in

345 4012 448 4084 quibus
467 4011 616 4068 mirificum
632 4017 711 4068 tuum
731 4027 801 4082 erga
820 4027 863 4064 mc
881 4027 1003 4066 amorem
1022 4011 1176 4082 recognovi
1194 4014 1267 4066 etc.“

413 4103 441 4171 2)
460 4099 496 4158 cf.
515 4118 543 4170 p.
562 4103 638 4156 8-9.

414 4190 441 4259 3)
460 4189 496 4243 cf.
515 4205 542 4259 p.
561 4189 578 4242 9
615 4189 655 4242 10.

415 4278 444 4346 4)
463 4293 506 4349 ep.
525 4276 562 4330 ad
581 4273 648 4330 fam.
667 4276 710 4346 12,
731 4275 772 4330 11.

1538 1693 1540 1776 l

1537 1911 1541 2066 l
