3140 4762
725 242 852 306 -22
900 279 939 290 ..

283 413 417 493 minum,
439 422 513 498 post
535 434 629 499 quem
653 413 733 478 haec
752 413 889 502 epistula
904 413 980 479 data
996 436 1067 479 esse
1082 414 1222 494 deberet,
1245 412 1378 478 definire

284 515 393 582 voluit.
439 515 532 598 Quae
553 527 663 582 tamen
686 517 825 582 Gruberi
846 518 1030 583 terminatio
1045 540 1110 585 non
1126 517 1229 584 solum
1244 527 1376 605 propter

252 647 257 658 ·
281 643 327 701 „a
340 619 381 685 d.
400 619 489 687 XIV.
504 618 580 688 Kal.
596 619 686 688 Oet.“
710 620 773 685 leni
796 620 936 706 quodam
959 643 1066 687 errore
1081 643 1139 708 pro
1155 643 1202 703 „a
1219 621 1249 687 d.
1265 621 1378 688 XIII«

172 768 176 776 ·
255 774 259 787 .
282 725 446 810 scripturn,
472 723 530 790 sed
550 724 649 788 etiam
671 723 735 788 alia
758 724 799 788 de
821 745 921 789 causa
943 748 1008 792 non
1031 728 1109 792 satis
1132 734 1285 791 accurata
1307 746 1378 790 esse

281 828 418 894 videtur.
464 827 643 893 Nemeum
666 828 699 891 in
722 826 818 892 huius
841 827 996 915 epistulae
1018 851 1147 917 paragr.
1171 828 1277 914 prima
1298 826 1379 894 haec

146 980 154 994 .
176 987 177 992 ,
284 931 449 1016 legantur:
511 967 514 974 .

366 1034 527 1116 „Caedem
549 1033 634 1098 enim
657 1032 817 1117 gladiator
839 1035 966 1121 quaerit
987 1036 1119 1121 eiusque
1143 1035 1272 1102 initium
1295 1057 1323 1102 a.
1348 1034 1377 1102 d.

280 1139 374 1204 XIII.
397 1137 471 1203 Kal.
495 1138 626 1206 Octobr.
657 1158 678 1201 a
707 1160 759 1203 me
789 1160 824 1202 se
850 1138 1012 1218 facturum
1043 1138 1185 1225 putavit;
1217 1138 1259 1204 ad
1283 1160 1378 1226 quem

280 1251 413 1332 paratus
435 1251 578 1307 venerat
602 1294 607 1307 .
633 1296 640 1308 .
663 1240 778 1326 Itaque
808 1242 956 1307 omnibus
986 1250 1035 1308 est
1055 1243 1161 1323 visus,
1189 1252 1233 1306 ut
1263 1242 1311 1307 ad
1339 1254 1378 1307 te

282 1371 329 1413 an
339 1356 406 1412 tea
422 1346 590 1432 scripsi,
606 1365 737 1410 vomere
752 1365 918 1424 suomore,
933 1368 997 1410 non
1009 1344 1125 1410 dicere.
1159 1344 1278 1427 Quare,
1293 1346 1378 1433 quod

282 1451 396 1518 scribis
419 1462 450 1514 te
473 1448 633 1516 confidere
656 1449 848 1514 auctoritate
870 1456 903 1512 et
925 1448 1109 1536 eloquentia
1130 1458 1242 1514 nostra
1258 1449 1379 1537 aliquid

281 1555 393 1644 profici
416 1575 511 1640 posse
534 1559 611 1620 eto.“
655 1553 845 1619 Ciceronem
866 1562 941 1639 post
954 1553 1088 1618 Antonii
1110 1553 1287 1620 orationem
1303 1577 1377 1620 con-

280 1657 483 1724 tumeliosam
520 1657 692 1742 epistulam
728 1655 768 1719 de
806 1653 946 1721 consulis
980 1655 1118 1720 audacia
1151 1654 1194 1720 ad
1229 1657 1378 1723 Cassium

281 1766 433 1827 exarasse
455 1769 605 1846 apparet,
636 1757 689 1821 cui
709 1756 764 1821 ille
785 1757 984 1844 respondens
1007 1757 1173 1825 Ciceronis
1196 1758 1379 1847 eloquentia

281 1865 397 1930 fretum
428 1862 561 1928 meliora
591 1883 661 1926 sese
684 1883 814 1948 sperare
836 1863 1030 1949 scripserat.¹
1070 1863 1182 1948 Itaque
1208 1862 1282 1927 hac
1311 1867 1376 1950 epi·

283 1969 367 2033 stula
387 1966 502 2033 Cicero
533 1987 656 2031 vanam
686 1963 774 2029 illem
795 1964 901 2031 Cassii
927 1975 1016 2053 sp'em
1039 1965 1182 2031 refellere
1204 1987 1376 2052 veramque

282 2083 314 2138 et
344 2078 475 2137 senatus
505 2077 538 2135 et
567 2070 614 2134 rei
645 2067 796 2155 publicae
825 2069 1042 2135 conditionem
1069 2069 1287 2134 demonstrare
1307 2067 1376 2133 vult

281 2174 338 2260 (cf.
363 2176 394 2264 ξ.
418 2176 439 2238 2
461 2228 468 2243 .
492 2227 498 2241 .
522 2226 530 2242 .
558 2170 718 2253 nonnihil,
747 2181 783 2237 ut
811 2174 845 2236 in
875 2172 975 2238 tantis
1004 2171 1098 2236 malis
1121 2181 1170 2237 est
1184 2156 1378 2259 profectum.

285 2276 446 2361 Intellegit
468 2278 553 2341 enim
575 2275 713 2362 populus
735 2274 899 2341 Romanus
923 2283 989 2339 tres
1012 2296 1084 2340 esse
1099 2275 1294 2359 consulares,
1317 2276 1379 2362 qui,

285 2382 369 2468 quia,
392 2402 475 2466 quae
498 2379 538 2444 de
560 2401 594 2444 re
616 2378 747 2465 publica
769 2379 852 2444 bene
874 2381 1040 2458 senserint,
1063 2378 1164 2444 libere
1184 2378 1282 2444 locuti
1298 2390 1380 2458 sunt,

286 2492 354 2549 tuto
376 2485 408 2548 in
433 2494 580 2548 senatum
595 2481 706 2547 venire
720 2502 786 2546 non
800 2483 934 2569 possint.
978 2481 1046 2547 Nec
1068 2493 1131 2547 est
1152 2491 1381 2569 praeterea

287 2586 392 2674 quod
414 2585 640 2673 quidquam
663 2587 931 2672 exspectes“).

374 2691 502 2778 Scripta
530 2697 580 2754 est
609 2689 708 2774 igitur
730 2711 778 2775 ep.
801 2689 844 2754 ad
868 2689 943 2757 fam.
967 2690 1060 2771 122
1092 2712 1157 2756 non
1181 2688 1286 2756 solum
1309 2700 1383 2775 post

288 2819 318 2863 a.
342 2795 372 2859 d.
396 2793 490 2861 XIII.
514 2792 588 2858 Kal.
613 2791 700 2871 Oct,
728 2793 785 2858 sed
815 2794 911 2857 etiam
935 2802 1009 2879 post
1030 2802 1078 2858 tot
1101 2792 1169 2858 dies
1191 2793 1307 2859 exilio
1330 2794 1381 2860 die

278 2899 486 2986 praeteritos,
510 2907 586 2984 quot
609 2897 650 2961 ad
667 2895 833 2961 Ciceronis
855 2894 1025 2982 epistulam
1043 2895 1167 2977 Cassio,
1189 2899 1244 2983 qui
1263 2907 1331 2962 tum
1346 2898 1381 2961 in

287 3001 383 3067 Italia
404 3001 556 3067 inferiore
578 2999 809 3086 versabatur‚¹)
830 2997 1027 3065 reddendam
1044 3003 1175 3088 eiusque
1190 2987 1380 3089 responsum

286 3105 422 3171 Romam
450 3103 680 3192 reportandum
711 3123 793 3188 opus
817 3111 917 3170 erant.
969 3104 1188 3184 Quamobrem
1210 3105 1381 3193 epistulam

288 3209 331 3274 ad
353 3211 428 3274 fam.
453 3208 501 3288 12,
523 3210 544 3273 2
572 3230 638 3274 non
666 3214 741 3271 ante
764 3216 926 3271 extremos
947 3207 1067 3270 mensis
1091 3206 1289 3295 Septembris
1313 3209 1381 3273 dies

288 3312 398 3378 datam
420 3334 492 3377 esse
514 3312 583 3375 veri
606 3309 708 3376 simile
730 3318 794 3390 est3
818 3319 903 3374 certe
920 3317 1027 3374 autem
1043 3320 1119 3378 ante
1133 3335 1161 3377 a.
1179 3311 1207 3376 d.
1224 3311 1282 3377 VI.
1296 3310 1381 3378 Non.

288 3489 451 3498 *W-

360 3588 387 3657 1)
403 3586 500 3642 Mense
519 3583 617 3642 Sextili
639 3583 753 3640 ineunte
770 3582 876 3638 Brutus
899 3589 927 3638 et
944 3582 1057 3640 Cassius
1074 3584 1194 3656 Neapoli
1218 3585 1267 3658 (cf.
1285 3605 1313 3658 p.
1333 3587 1379 3650 38)

290 3681 318 3729 et
342 3673 464 3728 edictum
486 3679 515 3728 et
534 3672 643 3727 litteras
662 3671 813 3736 dederunt,
836 3674 935 3740 postea
953 3687 1016 3725 cnm
1034 3671 1140 3727 Brutus
1159 3691 1248 3746 prope
1266 3674 1377 3732 Veliam

290 3779 352 3816 cnm
376 3760 496 3814 navibus
515 3765 601 3824 esset,
631 3757 745 3812 Cassius
764 3773 890 3828 quoque,
914 3757 962 3830 qui
982 3761 1075 3815 omnia
1094 3766 1162 3815 tunc
1181 3762 1299 3817 consilia
1318 3779 1380 3815 cum

289 3839 379 3903 Bruto
406 3847 634 3902 communicabat
657 3843 812 3916 paucisque
831 3844 931 3901 diebus
950 3852 1015 3915 post
1032 3846 1112 3901 illum
1130 3845 1243 3904 Italiam
1260 3849 1384 3921 reliquit,

289 3935 337 4008 (cf.
355 3934 427 3990 Phil.
452 3935 492 4000 10,
511 3935 539 3990 8:
563 3932 710 4004 „Eundem
730 3933 874 4003 (Brutum)
895 3933 954 3987 vidi
979 3940 1082 4006 postea
1099 3934 1212 4003 Veliae,
1239 3936 1403 3992 cedentem*

290 4022 388 4087 ltalia,
412 4037 449 4076 ne
472 4037 530 4093 qna
548 4027 675 4077 oreretur
692 4018 760 4074 belli
783 4019 872 4075 civilis
891 4037 985 4076 eausa.
1006 4060 1013 4074 .
1032 4064 1039 4077 .
1058 4021 1149 4076 Cassii
1167 4023 1265 4078 classis
1283 4023 1383 4096 paucis

289 4111 354 4182 post
372 4108 472 4163 diebus
485 4108 739 4180 consequebatur“)
756 4106 785 4162 in
797 4113 880 4177 portu
893 4109 1014 4179 quodam
1027 4107 1168 4164 inferioris
1180 4109 1282 4166 Italiae
1295 4127 1382 4167 naves

290 4197 319 4252 in
347 4195 458 4250 ancoris
480 4197 605 4250 tenuisse
628 4194 747 4249 videtur.
789 4193 925 4250 Distabat
946 4200 1039 4250 autem
1064 4196 1154 4252 Roma
1179 4213 1196 4248 a
1214 4196 1297 4252 Velia
1323 4197 1381 4253 cire

289 4283 343 4340 210
359 4300 426 4356 pm,
445 4283 522 4356 quod
541 4283 594 4338 iter
613 4287 747 4354 quattuor
763 4281 923 4353 quinqueve
944 4282 1050 4339 dierum
1070 4291 1121 4341 est.
