3140 4762
694 263 905 328 ..44-

334 433 400 500 Sed
429 471 469 484 -
501 435 569 500 sive
591 435 645 500 hic
667 435 736 500 dies
757 443 843 500 recte
864 435 1015 501 inventus
1038 443 1095 515 est,
1118 434 1186 499 sive
1208 453 1345 521 sequens

249 537 378 604 meliore
400 538 471 603 iure
494 536 650 626 epistulae
671 537 723 604 3b
747 537 940 604 adscribitur
971 577 1013 588 -
1035 536 1113 602 illud
1135 536 1208 602 luce
1229 535 1346 602 elarius

251 664 408 729 apparere
438 642 566 709 uidetur
597 651 628 707 et
650 641 699 708 3b
722 649 755 706 et
776 643 797 706 5
816 651 915 728 'post
938 641 1109 729 epistulam
1130 640 1179 706 ad·
1195 639 1271 706 fam.
1296 642 1347 723 10,

252 747 293 810 14
321 745 364 809 ad
385 745 542 811 Plancum
571 746 682 810 datam
704 745 856 831 scriptam
878 767 956 812 esse.
1007 745 1102 810 Hanc
1124 744 1210 808 enim
1232 741 1345 810 Cicero

250 869 324 913 cum
352 870 456 935 neque
488 848 528 914 de
551 848 694 913 Antonio
724 848 837 933 fugato
866 848 933 931 (ad.
955 849 1032 914 fam.
1056 849 1104 929 10,
1130 848 1344 928 14,1:„Fu·

250 953 336 1037 gisse
364 955 449 1017 enim
480 973 521 1017 ex
550 950 670 1038 proelio
698 946 876 1016 Mutinensi
908 951 1108 1017 dicuntur
1138 950 1345 1016 notissimi

251 1056 461 1128 latronum
494 1053 675 1135 duces;“)
707 1075 812 1142 neque
835 1054 875 1120 de
897 1055 1080 1135 consulum,
1113 1073 1194 1141 quos
1217 1055 1344 1119 omnino

250 1181 316 1238 non
343 1166 586 1240 commemorat,
614 1157 746 1224 interitu
771 1161 851 1224 certi
879 1157 1055 1245 quidquam
1084 1156 1206 1222 Romae
1234 1167 1345 1222 notum

251 1271 351 1344 esset,
383 1262 492 1326 statim
520 1269 595 1350 post
624 1263 744 1350 primos
776 1261 815 1327 de
846 1261 1022 1326 Mutinensi
1049 1261 1170 1348 proelio
1201 1283 1345 1327 rumores

250 1365 387 1430 Romam
413 1362 555 1451 perlatos
582 1363 623 1430 ad
645 1364 803 1431 Plancum
832 1350 928 1431 dedit
980 1364 1073 1446 Quae
1103 1385 1177 1429 eum
1203 1366 1251 1430 ita
1272 1365 1344 1446 sint,

251 1464 319 1532 dies
349 1467 424 1532 huic
453 1467 608 1555 epistulae
630 1469 664 1532 in
686 1467 796 1535 codice
818 1468 964 1534 Medioeo
987 1467 1183 1556 adscriptus:
1212 1469 1263 1552 ,‚d.
1286 1467 1345 1534 III.

250 1571 331 1637 Non.
353 1571 448 1636 Mai.“
471 1573 526 1658 qui
547 1573 634 1638 viros
658 1569 769 1637 doctos
790 1569 925 1636 multum
947 1572 1133 1658 vexavit,1)
1156 1573 1225 1636 sine
1248 1570 1343 1637 dubio

251 1683 421 1762 corruptus
452 1683 509 1740 est.
564 1676 628 1758 Qui
655 1675 740 1740 enim
763 1674 832 1738 fieri
853 1675 1025 1760 potuisset,
1056 1683 1107 1756 ut,
1137 1697 1210 1739 cum
1232 1673 1344 1761 Lupus

252 1786 344 1843 sexto
368 1775 420 1842 die
442 1776 610 1864 Mutina,⁸)
633 1780 712 1843 certi
734 1775 907 1863 depugna
929 1778 1016 1866 apud
1038 1779 1160 1844 Porum
1178 1776 1342 1844 Gallorum

252 1881 356 1946 nuntii
379 1889 470 1946 sexto
493 1878 546 1945 die
565 1881 701 1946 Romam
721 1880 985 1966 pervenissent‚⁸)
1007 1882 1030 1945 ii
1045 1880 1214 1964 tabellarii,
1236 1881 1341 1968 quide

252 1986 389 2052 victoria
409 1984 587 2049 Mutinensi
607 1982 732 2048 litteras
755 1984 926 2068 deferrent,
948 2007 1033 2050 nono
1057 1984 1109 2049 die
1124 1984 1245 2050 Romae
1268 2007 1336 2050 non·

253 2087 329 2153 dum
359 2086 534 2156 adessent?
585 2088 707 2175 Itaque,
730 2110 803 2152 cum
824 2109 866 2152 ex
887 2089 935 2169 iis,
957 2109 1040 2175 quae
1064 2109 1163 2174 supra
1184 2087 1225 2152 de
1246 2085 1340 2153 tabel-

252 2190 368 2254 larium
398 2191 562 2258 celeritate
591 2192 844 2280 disputavimus,
873 2193 938 2255 iam
967 2213 994 2256 a.
1026 2191 1056 2256 d.
1086 2189 1143 2255 VI.
1165 2191 1247 2258 Non.
1269 2190 1343 2280 Mai.

252 2294 421 2361 victoriam
435 2295 651 2361 Mutinensem
667 2295 859 2376 summatim,
881 2317 911 2362 a.
928 2294 958 2362 d.
973 2295 1014 2364 V.
1031 2295 1142 2360 Nonas
1154 2292 1231 2360 Mai.
1249 2295 1345 2359 etiam

251 2395 420 2463 consulum
452 2407 587 2463 mortem
620 2399 741 2464 Romae
772 2408 968 2486 compertam
1003 2419 1074 2462 esse
1108 2405 1276 2483 sequatur,
1311 2397 1344 2460 in

252 2500 390 2587 epistula
413 2500 455 2566 ad
478 2501 553 2566 fam.
578 2503 627 2583 10,
651 2501 692 2566 14
713 2523 786 2588 pr03
809 2501 857 2583 ,‚d.
881 2500 939 2564 111.
962 2500 1045 2569 Non.
1067 2501 1162 2566 Mai.“
1183 2501 1345 2572 lenissima

251 2607 501 2673 commutatione
524 2606 573 2688 ,‚d.
588 2606 642 2672 VI.
658 2605 738 2671 Non.
754 2603 848 2670 Mai.“
871 2603 1077 2671 scribendum
1099 2625 1169 2670 esse
1183 2626 1242 2693 pro
1258 2613 1343 2668 certo
1387 2601 1389 2608 ’

252 2709 365 2777 habeo.
388 2748 426 2758 —

339 2812 413 2894 Qua
450 2814 634 2880 coniectura
673 2811 810 2900 probata
840 2811 924 2876 duae
952 2811 1052 2876 Nakii
1081 2811 1344 2898 computationes,

253 2937 390 3003 quarum
412 2916 515 2981 altera
530 2916 572 2980 M.
587 2917 763 2981 Antonium
786 2917 851 2979 iam
872 2924 946 3002 post
968 2937 1112 3002 pugnarn
1127 2914 1212 2995 apud
1224 2915 1345 2980 Porum

252 3017 418 3084 Gallorum
439 3019 562 3085 Romae
583 3019 745 3102 cognitam
766 3018 893 3083 hostem
914 3018 1130 3100 iudicatum,⁴)
1157 3017 1259 3084 altera
1280 3019 1344 3102 epi·

251 3121 367 3187 stulam
391 3121 432 3187 ad
454 3123 529 3186 fam.
556 3121 606 3203 10,
627 3120 699 3186 21b
721 3143 751 3190 a.
774 3122 803 3188 d.
819 3119 909 3190 XIV.
926 3120 1089 3197 KaLJun.
1113 3119 1222 3186 datam
1244 3122 1343 3203 esse5)

250 3223 460 3314 comprobare
488 3225 573 3306 vult,
603 3225 722 3313 quippe
749 3247 832 3312 quae
861 3226 956 3290 nimis
985 3223 1120 3289 fidenter
1146 3246 1187 3289 ex
1217 3223 1268 3290 die
1290 3222 1343 3288 ille

252 3328 409 3414 epistulae
437 3328 479 3392 ad
510 3328 584 3395 fam.
610 3329 723 3410 10,14
749 3329 868 3394 iniuria
898 3328 1061 3413 adscripto
1090 3327 1247 3392 deductae
1271 3329 1343 3407 sint,

251 3432 434 3498 concidunt.
491 3432 575 3498 Nam
618 3470 656 3480 —
702 3441 737 3497 ut
769 3435 909 3520 priorem
938 3428 1038 3495 Nakii
1067 3430 1344 3496 ratiocinationem

251 3533 395 3599 refellam
424 3573 466 3583 —
489 3537 515 3599 si
539 3534 735 3620 eodemne,
761 3558 824 3623 quo
847 3535 978 3614 nuntius
1000 3534 1040 3599 de
1061 3535 1197 3600 victoria
1218 3532 1341 3598 Muti·

252 3640 368 3702 nensi
390 3639 524 3704 Romam
544 3641 700 3728 pervenit,
722 3661 749 3707 a.
773 3639 802 3707 d.
825 3640 881 3707 VI.
904 3638 985 3705 Non.
1010 3636 1098 3721 Mai,
1119 3636 1162 3704 M.
1182 3635 1342 3702 Antonius

322 3929 352 3988 il
368 3927 404 3984 of.
423 3926 506 3984 Nake
524 3928 587 3994 „De
606 3927 705 3983 Planci
725 3933 753 3982 et
772 3928 915 3984 Ciceronis
934 3933 995 4001 ep.“
1015 3945 1042 4000 p.
1061 3929 1104 3997 12,
1123 3926 1188 3984 Not.
1201 3930 1224 3983 1.

321 4015 500 4086 ffimpb

323 4106 352 4174 3)
370 4102 437 4158 ibid.

323 4193 350 4260 4)
370 4187 452 4245 Neke
470 4189 547 4255 „Der
565 4188 765 4244 Brieiwechsel
782 4207 831 4244 au.
851 4186 954 4248 (lieu.
973 4187 1009 4242 D.
1028 4187 1124 4241 Brut.“
1143 4207 1171 4260 p.
1189 4190 1232 4246 ³2.

323 4279 351 4360 b)
370 4275 449 4341 Nake
467 4277 529 4356 „De
548 4275 647 4340 Planci
666 4280 693 4335 et
713 4274 856 4336 Ciceronis
870 4278 930 4348 ep.“
949 4292 977 4346 p.
997 4274 1038 4344 14,
1059 4275 1099 4328 15.
