3140 4762
596 678 901 818 Epilogus

292 913 349 1044 In
378 975 472 1041 huius
503 970 780 1038 commentationis
813 972 1014 1058 praefatione
1042 974 1207 1043 declaravi
1244 997 1294 1044 me

205 1081 370 1146 Ciceronis
395 1080 436 1145 ad
457 1079 501 1142 M.
516 1077 607 1141 Brut.
630 1074 794 1163 epistulas,
817 1095 898 1164 quas
921 1077 1038 1144 adres
1061 1078 1218 1166 quasdam
1241 1079 1295 1144 ob·

205 1185 363 1251 scurioree
385 1180 594 1255 illustrandas
618 1176 763 1244 adhiberi
786 1189 941 1267 oporteat,
964 1183 1071 1248 causis
1093 1205 1158 1248 non
1181 1181 1297 1250 adlatis

204 1298 369 1376 tamquam
391 1287 548 1374 genuinas
570 1304 642 1348 esse
662 1290 940 1368 pertractaturum.
984 1287 1138 1356 Attamen
1163 1307 1201 1352 eo
1217 1285 1298 1376 ipso,

204 1392 290 1478 quod
320 1391 379 1458 hae
409 1388 564 1477 epistulas
586 1406 660 1452 cum
683 1385 790 1453 Cassii
813 1399 925 1475 atque,
953 1390 1009 1455 ubi
1029 1413 1089 1477 par
1111 1398 1194 1470 erat,
1226 1411 1298 1458 cum

205 1495 341 1561 aliorum
369 1492 552 1580 aequalium
583 1491 745 1578 epistulis,
774 1491 813 1556 de
836 1513 972 1580 quarum
997 1493 1182 1580 integritate
1206 1515 1298 1562 nemo

205 1599 373 1677 dubitaviq
401 1619 498 1685 quam
520 1595 760 1661 accuratissime
781 1596 926 1662 conferre
948 1598 1066 1685 itaque,
1099 1608 1134 1662 ut
1155 1582 1300 1685 picturae

205 1702 347 1786 imagine
369 1711 449 1783 utar,
471 1704 504 1766 in
520 1701 700 1784 marginem
715 1697 803 1764 illum
819 1699 1086 1786 splendissimum,
1109 1723 1172 1790 quo
1187 1722 1298 1768 ornnes

207 1804 370 1870 Ciceronis
406 1806 564 1895 epistulae
601 1813 674 1893 post
704 1802 878 1869 Caesarem
908 1805 1048 1872 occisum
1078 1805 1174 1871 datae
1206 1805 1299 1895 quasi
1394 1815 1397 1820 '

206 1907 425 1994 includuntur,
459 1921 571 1999 aptare
594 1915 729 1973 conatus
753 1931 838 1990 sum,
868 1907 1029 1990 nonnihil,
1059 1919 1095 1976 ut
1122 1909 1243 1996 opinor,
1265 1909 1299 1976 in

204 2015 391 2101 quaestione
413 2013 479 2097 illa,
501 2021 611 2078 utrum
633 2009 789 2097 epistulae
812 2012 853 2075 ad
876 2011 920 2075 M.
937 2013 1025 2079 Brut.
1049 2013 1210 2098 genuinae
1226 2011 1298 2093 sint,

203 2138 314 2200 necne,
336 2115 543 2182 diiudicanda
565 2113 745 2205 profectum
767 2124 823 2182 est.
868 2114 1086 2184 Gravissimas
1101 2117 1186 2183 enim
1201 2115 1298 2180 offen·

205 2220 321 2303 aiones,
345 2243 424 2308 quas
440 2219 540 2306 Angli
562 2219 665 2284 critici
686 2219 719 2282 in
742 2219 792 2284 his
815 2218 959 2305 epistulis
982 2219 1043 2287 sibi
1059 2220 1221 2288 invenisse
1235 2219 1298 2288 visi

206 2331 295 2406 aunt,
325 2346 353 2390 a.
377 2321 702 2392 quarternum
732 2322 776 2396 in„
794 2323 898 2389 medio
929 2323 1101 2412 relictas,1)
1124 2323 1297 2392 dummodo

207 2426 342 2492 eandem
365 2427 546 2514 corrigendi
567 2427 736 2507 rationem,
763 2447 827 2514 qua
847 2429 908 2498 ¹viri
932 2428 1018 2494 docti
1039 2428 1072 2492 in
1095 2428 1210 2492 ceteris
1233 2428 1298 2516 epi·

206 2530 297 2595 stulis
327 2531 538 2598 emendandis
569 2540 718 2612 utuntur,
749 2530 790 2594 ad
819 2531 972 2620 epistulas
995 2531 1149 2600 Brutinaa
1172 2552 1298 2620 quoque

206 2635 407 2718 adhibueris,
436 2655 630 2701 evanescere
661 2635 849 2721 apparuit.²)
908 2635 993 2722 Quid
1023 2635 1109 2721 quod
1138 2633 1297 2700 interdum

206 2761 245 2804 ea
274 2741 362 2826 ipsa,
392 2760 410 2803 e
440 2738 558 2825 quibus
583 2737 762 2803 adversarii
782 2740 885 2803 nostri
908 2741 1001 2826 quasi
1021 2761 1039 2804 e
1061 2735 1298 2804 Pseudo-Cice-

204 2843 291 2908 ronis
313 2841 366 2908 vel
387 2841 626 2907 Pseudo-Bruti
648 2841 815 2906 cuiusdam
837 2844 951 2906 erratis
973 2843 1163 2931 suspicionis
1185 2864 1300 2910 ansam

209 2943 474 3035 deprompserunt
480 2946 520 3032 ,³)
543 2944 718 3010 secundum
740 2966 847 3010 rerum
869 2954 1033 3032 gestarum
1055 2957 1180 3034 tempus
1203 2956 1300 3033 atque

208 3047 351 3113 ordinem
373 3073 463 3133 eum,
497 3071 592 3137 quem
614 3071 673 3115 nos
695 3049 928 3131 constituimus,
949 3051 1129 3116 rectissima
1151 3073 1221 3116 esse
1245 3051 1297 3115 de·

207 3161 419 3228 menecratum
441 3154 527 3240 est.⁴)
556 3192 599 3202 -
620 3152 773 3218 Attamen
796 3175 816 3216 a
838 3155 1004 3240 proposito
1027 3163 1136 3220 nostro
1160 3154 1300 3221 alienum

207 3264 265 3335 est,
286 3255 441 3341 quidquid
464 3257 503 3322 de
518 3257 729 3322 Brutinarum
744 3257 953 3343 epistularum
967 3260 1166 3344 ingenuitate
1181 3280 1222 3322 ex
1238 3257 1300 3322 hac

206 3361 473 3425 commentatione
495 3359 602 3445 colligi
624 3359 750 3447 poterit,
772 3358 834 3425 hoc
856 3359 926 3426 loco
948 3360 1094 3449 pluribus
1115 3361 1223 3428 verbis
1244 3382 1299 3424 ex·

205 3461 342 3549 plicare,
373 3462 407 3527 id
435 3463 521 3549 quod
551 3463 615 3529 alia
645 3463 813 3529 occasione
843 3463 953 3530 oblata
980 3465 1201 3531 demonstrare
1234 3486 1299 3532 non

206 3564 422 3650 neglegemus.
445 3603 485 3614 -

276 3809 302 3878 1)
321 3806 357 3862 cl.
366 3806 507 3864 Abhandl.
518 3806 568 3860 der
578 3807 653 3862 Gott.
664 3807 730 3864 Ges.
742 3807 768 3863 d.
779 3807 823 3862 W.
835 3805 1007 3864 rete-1847
1018 3803 1050 3857 B.
1061 3803 1110 3877 III,
1119 3825 1145 3879 p.
1153 3808 1298 3868 186-188.

275 3896 304 4052 {l
321 3895 517 4034 lollllbhlallldl.
538 3979 589 4034 der
606 3981 683 4038 (litt.
703 3981 769 4038 Ges.
789 3982 814 4034 d.
829 3981 875 4038 W.
896 3981 1068 4038 1846-1847
1086 3981 1117 4034 Β.
1130 3980 1180 4050 ΙΙΙ,
1198 3999 1225 4051 p.
1238 3982 1299 4042 218.

275 4069 302 4140 4)
320 4087 346 4144 p.
368 4069 478 4128 lb—lli.

648 4297 853 4307 *ffl—
