3140 4762
628 245 840 311 ..27-

188 443 227 486 ne
243 441 303 487 nos
318 419 448 507 quidem
465 417 562 483 aliam
578 418 768 484 sententiam
783 419 997 505 proferemus,
1020 428 1128 484 tamen
1144 419 1283 484 fortasse

189 545 306 612 operae
329 523 468 610 pretium
491 524 551 587 erit
572 523 652 587 fines
674 522 827 607 temporis
849 521 942 602 illins,
966 543 1029 609 quo
1048 522 1131 588 haec
1145 523 1284 611 epistula

186 630 307 717 scripta
329 649 401 692 esse
424 626 548 702 debeat,
570 625 678 713 paullo
701 626 883 691 accuratius
906 625 1178 693 circumscribere.
1202 665 1244 678 -

275 733 325 796 Ac
355 731 496 819 primum
530 729 659 817 quidem
688 751 738 816 ep.
761 729 804 794 ad
826 730 902 794 fam.
931 731 980 815 12,
1003 731 1024 796 5
1047 731 1150 796 serius
1173 729 1284 796 datam

191 859 263 902 esse
277 857 374 922 quam
390 834 534 898 eiusdem
546 833 620 899 libri
632 841 780 921 quartam
792 833 942 898 facillime
953 833 1157 920 intellegitur.
1191 834 1285 916 Nam,

191 962 263 1005 cum
284 940 318 1003 in
331 947 476 1025 >quartae
499 934 568 1026 §.2
590 937 734 1023 legatur:
756 936 826 1017 „De
847 937 960 1021 Bruto,
983 960 1045 1025 quo
1068 939 1201 1025 propius
1224 949 1283 1014 est,

190 1067 228 1110 eo
248 1043 391 1108 firmiora
413 1041 564 1105 videntur
586 1063 658 1106 esse
680 1062 764 1128 quae
786 1041 1002 1106 nuntiantur.“
1016 1045 1050 1106 in
1065 1043 1197 1128 quintae
1212 1042 1247 1132 b
1265 1045 1280 1108 1

189 1147 304 1214 Cicero
327 1145 455 1211 scribit:
478 1143 616 1224 „Brutus
639 1145 768 1232 quidem
788 1155 899 1212 noster
914 1146 1079 1232 egregiam
1095 1145 1223 1212 laudem
1235 1156 1285 1212 est

156 1296 159 1300 -
190 1259 395 1326 consecutus,
426 1271 479 1314 res
509 1250 595 1313 enim
616 1257 724 1314 tantas
746 1251 848 1334 gessit
867 1259 998 1336 tamque
1019 1244 1221 1337 inopinatas,
1249 1256 1285 1314 ut

192 1375 342 1418 caecum
365 1375 422 1440 per
446 1374 480 1417 se
502 1361 612 1437 gratae
635 1363 751 1433 essent,
774 1363 841 1418 tum
862 1356 1041 1420 ornatiores
1058 1359 1190 1440 propter
1204 1351 1284 1418 cele·

195 1457 351 1534 ritatem“,
380 1478 421 1520 ex
447 1477 511 1542 quo
542 1455 679 1522 efficitur
700 1456 785 1521 hanc
807 1458 976 1545 epistulam
1001 1469 1057 1524 aut
1079 1451 1192 1544 paullo
1209 1466 1285 1522 ante

190 1571 245 1626 aut
265 1559 377 1648 paullo
399 1571 471 1644 post
493 1560 672 1627 orationem
694 1560 909 1648 Philippicam
932 1562 1099 1640 decimam,
1131 1581 1214 1647 quae
1236 1568 1286 1624 est

189 1665 229 1729 de
252 1663 348 1728 Bruti
368 1662 464 1728 rebus
486 1666 555 1729 eius
578 1663 681 1730 edicto
702 1663 824 1730 Rornae
846 1665 993 1751 cognitis,
1015 1671 1183 1730 exaratam
1206 1685 1284 1728 esse.

189 1767 365 1832 Praeterea
385 1765 510 1832 flosculi
533 1767 664 1854 quidam
686 1769 773 1833 etin
797 1769 941 1835 oratione
962 1770 1048 1834 etin
1071 1765 1218 1856 epistula,
1244 1766 1285 1830 de

190 1893 256 1958 qua
279 1869 394 1954 agitur,
418 1873 534 1936 mirum
548 1873 582 1938 in
598 1870 730 1937 modum
745 1882 970 1957 congruentes,
993 1895 1090 1959 quam
1105 1881 1183 1951 arte,
1198 1870 1285 1957 quod

189 1976 232 2041 ad
254 1985 382 2061 tempus
404 1977 533 2056 attinet,
563 1997 610 2063 ep.
634 1975 677 2040 ad
699 1975 774 2042 lam.
799 1976 848 2056 12,
870 1974 891 2041 5
913 1997 987 2040 cum
1009 1975 1192 2063 Philippica
1213 1997 1283 2040 ora-

107 2079 109 2088 '
190 2081 277 2144 tione
300 2078 428 2144 decima
448 2078 638 2161 cohaereat,
671 2079 910 2159 demonstrant,
939 2078 1027 2143 velut
1049 2078 1129 2143 Phil.
1154 2078 1285 2158 10,10:

194 2183 291 2264 „Tria
312 2191 400 2247 tenet
421 2183 542 2271 oppida
563 2193 630 2250 toto
646 2185 679 2248 in
695 2182 772 2248 orbe
788 2191 965 2264 terrarum;
988 2180 1089 2247 habet
1106 2180 1287 2246 inimicissi-

193 2308 278 2351 mam
299 2285 457 2371 Galliam3
481 2309 536 2354 ecs
559 2288 671 2370 etiarn,
701 2286 819 2373 quibus
842 2284 1039 2364 confidebat,
1062 2283 1286 2368 alienissimos,

95 2469 98 2474 Ι
193 2389 460 2480 Transpadanos,
487 2389 584 2456 Italia
612 2390 718 2456 omnis
745 2391 864 2456 infesta
887 2398 955 2473 est3
987 2398 1116 2455 exterae
1137 2390 1287 2456 nationes

190 2520 210 2560 a
240 2496 346 2583 prima
377 2517 436 2560 ora
458 2493 617 2560 Graeciae
639 2515 741 2582 usque
764 2493 806 2558 ad
828 2496 1017 2580 Aegyptum
1039 2494 1233 2582 optimorum
1255 2503 1288 2558 et

190 2599 439 2665 fortissimorum
462 2599 582 2662 civium
604 2599 747 2687 imperiis
770 2607 801 2662 et
822 2596 992 2684 praesidiis
1014 2602 1181 2662 tenentur‘
1203 2618 1287 2683 quae

191 2705 368 2769 sententiae
390 2703 457 2767 lere
478 2701 594 2768 iisdem
615 2700 723 2767 verbis
746 2722 920 2788 expressae
943 2710 1018 2764 sunt
1039 2701 1073 2764 in
1089 2722 1137 2786 ep.
1154 2698 1196 2764 a'd
1211 2700 1287 2766 fam.

159 2811 164 2822 ’
192 2807 241 2888 12,
269 2808 300 2884 5,
324 2807 359 2872 2ε
394 2806 546 2888 „Praeter
575 2804 770 2880 Bononiam,
795 2803 936 2889 ‘Regium
966 2803 1098 2893 Lepidi,
1124 2804 1288 2886 Parmam,

191 2919 293 2976 totam
312 2909 451 2975 Galliam
473 2907 663 2975 tenebamus
679 2907 947 2975 studiosissimam
963 2909 1010 2973 rei
1025 2908 1190 2995 publica03
1213 2916 1287 2974 tuos

194 3015 292 3080 etiam
316 3014 449 3081 clientes
465 3010 719 3100 Transpadanos
741 3011 874 3076 mirifice
896 3012 1084 3078 coniunctos
1100 3035 1173 3078 cum
1189 3033 1289 3076 causa

191 3117 402 3186 habebamus.
427 3171 433 3183 .
457 3171 464 3184 ,
491 3114 524 3206 ξ.
549 3119 586 3182 1:
615 3139 654 3198 „a
682 3117 788 3203 prima
816 3116 902 3180 enim
926 3136 985 3181 ora
1006 3114 1164 3182 Graeciae
1186 3136 1288 3202 usque

192 3221 235 3286 ad
257 3210 443 3309 Aegyptum
473 3221 667 3307 optimorum
696 3219 815 3284 civium
844 3218 988 3304 imperiis
1021 3220 1137 3284 muniti
1169 3221 1288 3285 erimus
1375 3265 1378 3270 -

194 3334 226 3390 et
247 3326 374 3411 copiis.“

278 3428 410 3515 Itaque,
438 3448 577 3513 quonam
607 3437 751 3514 ternpore
781 3449 829 3514 cp.
857 3426 899 3492 ad
921 3426 998 3496 fam.
1031 3427 1124 3508 12‚5
1151 3425 1228 3491 data
1256 3436 1289 3492 et

195 3555 335 3620 quonam
349 3541 493 3616 tempore
504 3530 585 3599 Phil.
600 3533 648 3597 10.
661 3529 777 3596 habita
792 3532 843 3612 sit,
858 3530 971 3596 eadem
986 3532 1055 3596 fere
1070 3539 1120 3596 est
1134 3531 1288 3616 quaestio.

282 3635 365 3701 Cum
387 3657 465 3699 vero
487 3632 569 3698 Phil.
592 3635 620 3699 8.
645 3655 674 3698 a.
696 3632 728 3701 d.
751 3632 810 3700 III.
833 3634 943 3700 Nonas
958 3633 1155 3700 Februarias
1177 3631 1290 3699 habita

195 3740 253 3823 sit,
283 3741 368 3804 inter
398 3749 546 3804 octavam
574 3749 682 3804 autem
713 3745 746 3801 et
766 3737 924 3803 decimam
947 3761 992 3806 or.
1015 3737 1096 3805 Phil
1119 3748 1152 3803 et
1175 3761 1223 3826 ep.
1247 3738 1290 3802 ad

193 3844 269 3908 fam.
294 3843 344 3922 12,
365 3843 387 3906 4
412 3842 465 3928 (cl.
489 3842 601 3930 supra)
627 3850 659 3908 et
679 3864 784 3921 nona,
813 3862 896 3928 quae
928 3851 977 3907 est
1000 3841 1040 3906 de
1064 3840 1132 3910 Ser.
1157 3840 1290 3928 Sulpicii

194 3947 267 4012 Rufi
289 3944 476 4021 honoribus,
507 3969 551 4011 or.
573 3944 656 4012 Phil.
678 3943 851 4012 inserenda
874 3947 924 4027 sit,
945 3945 1027 4010 Phil.
1052 3948 1092 4013 10
1114 3953 1147 4011 et
1174 3967 1223 4032 ep.
1247 3945 1290 4010 ad

195 4051 271 4116 fam.
302 4050 351 4134 12,
374 4050 394 4114 5
424 4071 489 4114 non
517 4051 630 4138 paucis
660 4049 774 4117 diebus
804 4057 879 4138 post
901 4073 931 4114 a.
955 4049 984 4114 d.
1006 4049 1066 4114 III.
1088 4049 1171 4115 Non.
1195 4047 1289 4114 Febr.

196 4153 334 4240 scriptas
363 4173 435 4218 esse
465 4150 616 4218 arbitrari
645 4153 798 4242 propensi
820 4175 980 4236 essemus,
1008 4153 1134 4220 nisiex
1157 4150 1290 4217 vocibus

197 4281 244 4346 ep.
270 4258 319 4339 12,
343 4259 363 4322 5
386 4255 488 4320 hisce:
518 4255 685 4339 „Hiemem
713 4257 810 4322 credo
842 4256 948 4321 adhuc
977 4255 1196 4344 prohibuisse,
1226 4277 1290 4346 quo
