3140 4762
707 249 898 314 ..6.-

185 447 187 452 ’
255 445 289 508 in
311 447 425 507 senatu
447 441 600 507 recitatae
622 437 735 524 sunt.¹)
778 437 917 512 Erravit
932 437 997 504 hoc,
1014 435 1084 502 loco
1106 434 1269 516 Bardtius,
1291 435 1347 521 qui

258 547 411 631 neglectis
432 545 485 623 iis,
512 565 595 630 quae
616 543 650 606 in
672 549 751 606 orat.
775 539 856 606 Phil.
882 541 938 623 14,
965 540 1090 606 14-16
1109 549 1146 608 ,et
1167 562 1215 626 ep.
1238 539 1281 604 ad
1302 539 1346 604 M.

257 651 348 724 Brut.
381 651 409 729 1,
430 648 461 730 3,
483 647 503 713 2
530 645 651 712 tradita
673 653 762 727 sunt,
792 644 927 731 septimo
950 643 1086 730 denique
1108 642 1161 708 vel
1183 649 1273 708 sexto
1296 641 1348 706 die

257 752 356 830 Hirtii
378 751 500 816 litteras
522 749 659 816 Romam
682 747 807 814 adlatas
831 747 1127 830 esse-contendit.¹)

278 907 283 915 ·
344 869 441 954 Quid,
463 869 549 957 quod
569 868 676 946 etiam,
688 869 720 932 in
737 866 960 933 remotioribus
974 863 1148 953 provinciis
1163 864 1348 931 tabellarios

260 975 526 1062 quadragena
557 972 912 1058 quinquagenaria
941 992 1004 1056 pm.
1034 969 1151 1035 cotidie
1173 968 1348 1035 confecisse

258 1079 448 1145 invenimus.
471 1113 513 1126 -·—
652 1092 654 1097 ’
929 1097 931 1100 ·
1274 1089 1276 1096 ’

347 1197 382 1264 C.
405 1196 538 1261 Asinius
560 1193 663 1260 Pollio
686 1215 727 1258 ex
749 1193 957 1280 Hispania
978 1192 1187 1276 ulteriore
1209 1192 1250 1259 ad
1273 1192 1348 1256 fam.

263 1301 311 1383 10,
333 1301 386 1383 33,
411 1301 447 1366 5:
479 1297 606 1364 scribit:
635 1297 797 1379 „Maxime
826 1306 934 1362 tamen
956 1296 1054 1362 doleo
1083 1293 1164 1363 adeo
1194 1305 1226 1360 et
1253 1296 1349 1381 longo

262 1389 300 1470 et
320 1402 438 1470 infesto
467 1404 586 1467 itinere
612 1400 654 1466 ad
675 1422 727 1465 me
748 1401 867 1480 veniri,
900 1411 935 1466 ut
957 1401 1008 1466 die
1030 1400 1351 1488 quadragesimo

258 1517 353 1595 post
382 1514 451 1571 aut
481 1505 594 1570 ultra
615 1502 759 1586 etiam,
792 1504 997 1591 quemfacta
1020 1512 1112 1588 sunt,
1136 1503 1243 1569 omnia
1267 1523 1347 1567 nun-

262 1611 407 1676 tientur“.
500 1629 503 1634 '

348 1730 411 1794 Est
433 1737 540 1795 autem
555 1727 658 1794 Roma
674 1725 871 1809 Cordubam,
894 1725 948 1791 ubi
963 1726 1074 1809 Pollio,
1096 1729 1168 1792 cum
1185 1725 1353 1816 epistulam

268 1833 370 1928 daret·
392 1831 520 1897 videtur
541 1829 682 1918 fuisse‚³)
703 1831 765 1895 iter
785 1831 858 1896 circ.
884 1830 967 1896 1800
988 1831 1082 1918 pm.4)

347 1953 490 2017 Britan
498 1953 589 2017 niae
605 1972 662 2016 ora
678 1950 720 2016 ad
734 1950 900 2016 meridiem
916 1960 1065 2037 spectans
1077 1951 1150 2034 circ.
1164 1951 1247 2015 1400
1258 1953 1351 2035 pm.⁵)

262 2080 282 2121 a
297 2077 299 2080 ·
312 2053 415 2122 Roma
445 2056 552 2121 distat.
606 2055 699 2121 Illinc
726 2055 809 2120 duae
840 2053 994 2144 epistulae
1023 2054 1175 2119 vicesimo
1206 2054 1351 2141 septimo,

264 2161 496 2226 unavicesimo
511 2181 607 2242 nono,
630 2180 695 2223 una
709 2158 869 2223 tricesimo
885 2159 979 2224 tertio
995 2157 1046 2222 die
1062 2157 1197 2224 Romam
1211 2156 1356 2246 perlatae

267 2263 382 2348 sunt,⁶)
404 2264 467 2345 ita,
490 2249 619 2350 utplus
642 2263 788 2328 minusve
810 2263 944 2347 triginta
966 2265 1034 2330 dies
1056 2247 1100 2329 ad
1120 2262 1291 2351 epistulam
1315 2284 1355 2326 ex

265 2363 436 2430 Britannia
457 2366 590 2432 Romam
615 2365 871 2432 transferendam
895 2367 1058 2433 suffecisse
1079 2367 1257 2433 videantur.

354 2467 407 2533 Ex
424 2469 586 2536 Galliae
608 2469 897 2556 transalpinae
919 2480 1010 2558 parte
1027 2492 1074 2550 ea,
1089 2492 1172 2557 quae
1187 2469 1357 2536 Germanis

266 2572 404 2638 finitima
437 2583 499 2657 est,
527 2595 592 2639 uno
623 2582 654 2638 et
683 2569 834 2641 vicesimo
865 2575 916 2640 die
941 2575 1110 2663 epistulam
1131 2565 1266 2640 Romam
1289 2595 1358 2638 esse

270 2675 412 2742 adlatam
435 2675 560 2760 {Cicero
589 2687 725 2745 testatur
755 2677 796 2743 ad
818 2679 885 2744 Art.
917 2679 964 2752 14,
987 2679 1016 2760 9,
1038 2679 1075 2744 3:
1104 2677 1215 2761 „Idem
1235 2675 1358 2744 Balbus

267 2777 401 2844 meliora
432 2779 471 2846 de
501 2780 617 2850 Gallia.
647 2781 740 2848 XXI.
774 2782 826 2847 die
854 2782 977 2848 litteras
1006 2781 1149 2849 babebat
1181 2781 1359 2848 Germanos

268 2879 402 2968 illasque
433 2873 579 2951 nationes
599 2889 641 2951 're
664 2885 776 2952 audita
799 2885 838 2951 dc
861 2884 1001 2951 Caesare
1023 2885 1147 2972 legatos
1169 2887 1295 2952 misisse
1318 2886 1360 2951 ad

269 2984 446 3071 Aurelium,
472 2989 526 3075 qui
542 2998 590 3053 est
604 2989 806 3076 praepositus
823 2988 864 3055 ab
879 2989 997 3071 Hirtio,
1019 3011 1053 3054 sc
1068 2990 1154 3076 quod
1168 2991 1360 3077 imperatum

266 3099 359 3173 esset,
383 3113 454 3156 esse
476 3092 643 3158 factumst
689 3091 790 3158 Cuius
812 3101 920 3158 tamen
942 3091 1001 3177 (ad
1022 3092 1088 3158 Att.
1115 3095 1163 3174 14,
1179 3095 1223 3181 9.)
1238 3095 1357 3181 epistu-

266 3191 317 3259 lae
339 3195 422 3261 inter
444 3205 591 3262 octavam
614 3195 756 3261 eiusdem
778 3195 852 3262 libri
875 3205 906 3261 et
929 3194 1085 3260 decimam
1101 3197 1239 3262 traditae
1254 3197 1360 3263 locum

267 3319 338 3362 eam
364 3299 471 3386 ipsam
506 3298 548 3365 ob
572 3321 720 3382 causam,
750 3300 825 3386 quia
847 3298 972 3364 litterae
992 3298 1066 3364 illae
1088 3299 1190 3366 Balbo
1209 3299 1359 3368 ,redditae

268 3401 301 3464 in
325 3424 365 3467 ea
385 3412 692 3487 commemorantur,
723 3425 786 3469 non
807 3423 921 3477 rerum
943 3423 1013 3470 esse
1034 3401 1150 3472 iudico.
1203 3405 1303 3489 Nam,
1332 3407 1360 3470 si

335 3661 363 3732 1)
381 3660 418 3717 cf.
436 3678 464 3734 p.
481 3661 530 3725 43;
547 3661 590 3716 45.

334 3749 364 3816 2)
383 3747 455 3817 „Qu
473 3746 565 3802 Tuus*
582 3765 610 3819 p.
629 3749 688 3810 14,,

336 3836 363 3902 3)
383 3833 420 3888 cf.
440 3834 478 3888 ad
497 3833 564 3890 fam.
584 3835 625 3899 10,
641 3835 676 3890 32
695 3839 762 3890 extr.

336 3921 417 3993 4)1t.
437 3923 502 3976 Ant.
520 3941 548 3993 p.
567 3923 627 3992 139,
647 3922 705 3988 189,
726 3922 784 3986 190,
804 3921 862 3976 193.

335 4008 365 4079 5)
382 4006 473 4062 noma
490 4024 507 4061 a
525 4006 698 4064 Merionen
716 4007 768 4062 src
785 4024 840 4078 pm.
862 4005 906 4079 (n
923 4006 1032 4064 Hieros.
1051 4025 1078 4078 p.
1097 4007 1162 4078 aso)
1181 4006 1226 4063 vel
1241 4008 1295 4064 raa
1307 3993 1365 4080 p'm.

266 4096 310 4166 (It
331 4094 395 4152 Ant.
408 4095 521 4164 μω),
547 4092 749 4154 Mediolanium
773 4110 790 4149 a
808 4093 994 4164 Gesseriaco,
1021 4093 1072 4148 ubi
1098 4093 1234 4150 traiectus
1253 4100 1316 4150 erat
1333 4095 1363 4150 in

268 4181 453 4248 Britanniam,
471 4182 523 4238 912
540 4197 596 4252 pm.
616 4180 750 4236 distubat.

337 4271 364 4341 6)
381 4269 473 4326 Bardt
493 4268 566 4340 „Qu
585 4267 678 4324 Tull.“
696 4285 724 4338 p.
743 4268 805 4323 31-
814 4269 856 4335 ³3,
876 4268 919 4324 43.
