3140 4762
764 257 977 323 „30..-

317 429 417 494 breve
445 427 524 494 illud
553 401 707 516 temporis
734 428 892 514 spatium,
922 429 1009 513 quod
1036 428 1120 494 inter
1154 434 1299 492 senatum
1330 447 1360 490 a.
1387 426 1421 490 d.

317 531 407 599 XIV.
435 542 467 596 et
495 541 643 598 senatum
675 554 703 597 a.
726 530 756 596 d.
779 529 873 596 XIII.
895 529 968 597 Kal.
990 532 1070 620 Apr.
1101 530 1249 598 habitum
1270 530 1420 608 interest

318 635 410 700 Haeo
440 633 481 700 de
502 635 630 702 Pansae
650 635 755 702 Roma
781 635 927 701 discessu
956 637 1153 722 computatio
1175 632 1420 721 quodammodo

318 739 527 804 confirmatur
547 739 630 808 Phil.
654 741 703 808 13.
725 739 931 826 paragrapho
953 741 1013 808 32:
1045 737 1258 824 ‚,‘Apuleiana
1277 737 1422 828 pecunia

317 841 458 906 Brutum
480 841 691 910 subornastis'
712 895 720 912 .
744 897 751 910 .
774 897 780 911 .
803 865 864 910 nec
886 845 971 910 enim
993 844 1063 908 sinc
1083 841 1221 929 pecunia
1237 842 1421 908 exercitum
1541 851 1542 882 l

318 945 405 1011 alere
419 967 480 1011 nec
495 947 564 1011 sine
579 948 724 1012 exercitu
739 946 872 1013 fratrem
888 957 979 1013 tuum
994 945 1053 1031 (sc.
1069 944 1115 1015 M.
1130 933 1280 1028 Antonii,¹
1296 943 1333 1014 O.
1349 948 1420 1010 An-

316 1051 456 1131 tonium)
485 1069 600 1136 capere
629 1052 803 1137 potuissct“
833 1073 907 1116 cum
935 1072 984 1137 ep.
1019 1049 1062 1115 ad
1090 1049 1135 1114 M.
1164 1047 1256 1115 Brut.
1288 1051 1318 1132 2,
1341 1049 1420 1132 7,2

318 1162 523 1239 comparata:
538 1153 639 1234 „Erat
653 1155 852 1241 exspectatio
867 1154 1075 1241 reliquiarum
1090 1153 1227 1218 Antonii
1243 1157 1302 1234 (sc.
1318 1151 1420 1235 Gaii),

312 1259 414 1344 'quem
446 1245 591 1344 equitatu
623 1257 869 1344 legionibusque
901 1279 1023 1342 magna
1051 1280 1093 1324 ex
1121 1267 1214 1344 parte
1242 1257 1415 1343 spoliaras.

317 1361 370 1425 Ea
399 1382 526 1447 quoque
555 1360 670 1427 habuit
694 1362 816 1426 exitum
839 1360 1020 1448 optabilem.
1072 1361 1156 1426 Nam
1178 1371 1254 1427 tuae
1274 1360 1413 1441 litterae,

317 1485 400 1550 quae
422 1465 576 1529 recitatae
597 1466 631 1529 in
654 1476 769 1530 senatu
786 1475 861 1531 sunt
881 1512 890 1530 .
912 1517 920 1534 .
944 1517 951 1532 .
974 1519 980 1533 .
1003 1465 1100 1548 Quod
1116 1467 1143 1530 si
1158 1465 1222 1530 tuis
1236 1463 1413 1550 placuisset
1542 1525 1543 1544 ¹

318 1569 359 1632 de
387 1567 440 1633 his
467 1566 582 1634 litteris
610 1569 722 1651 referi,
752 1580 792 1635 et
820 1570 899 1635 nisi
927 1570 966 1634 in
993 1578 1153 1656 tempus
1180 1567 1410 1636 turbulen-

316 1673 527 1737 tissimum
555 1682 652 1760 post
683 1673 922 1738 discessum
944 1671 1111 1738 Pansae
1133 1673 1327 1738 consulis
1348 1673 1410 1736 in-

317 1774 550 1858 cidissent,
578 1774 681 1842 honos
708 1799 835 1864 quoque
864 1778 968 1841 iustus
998 1787 1032 1846 et
1059 1775 1186 1842 debitus
1209 1777 1259 1842 dis
1281 1778 1406 1842 immor-

317 1875 436 1942 talibus
466 1877 613 1944 decretus
646 1885 764 1960 esset“‚
794 1881 915 1967 quibus
944 1905 962 1946 e
991 1881 1074 1946 locis
1098 1880 1146 1950 lt.
1171 1881 1261 1945 Bruti
1290 1879 1412 1946 litteras

321 1979 438 2069 quihus
462 1979 498 2046 0.
521 1980 699 2048 Antonium
729 1993 861 2072 captum
893 2007 964 2051 esse
987 1987 1111 2051 senatui
1133 1983 1310 2065 nuntiavit,
1339 1990 1411 2069 post
1473 1995 1476 2000 '
1544 1966 1545 1976 ¹

317 2084 447 2150 Pansae
468 2083 572 2150 Bonna
593 2087 835 2173 prosectionem,
859 2089 916 2154 sed
938 2095 1013 2154 ante
1034 2088 1117 2153 Phil
1141 2089 1192 2156 13.
1215 2086 1358 2153 habitam
1376 2085 1408 2148 in

316 2197 431 2254 senatu
452 2189 605 2254 recitatas
627 2213 699 2256 csse
721 2189 968 2258 demonstratur.
1012 2191 1139 2275 Quodsi
1160 2191 1204 2259 M.
1230 2190 1351 2256 Brutus
1366 2209 1412 2274 ep.

318 2291 360 2355 ad
391 2293 436 2361 M.
459 2292 549 2358 Brut.
572 2296 602 2374 2,
623 2294 656 2378 3,
681 2298 697 2359 l
720 2294 879 2361 Kalendis
904 2294 1072 2382 Aprilibus
1096 2293 1305 2381 Dyrrhachio
1318 2294 1345 2379 ¹)
1373 2290 1413 2356 ad

319 2393 670 2484 Ciceronemflscribit:
703 2383 996 2480 „Litteras'tuas
1029 2398 1154 2464 valde
1191 2406 1413 2486 exspecto,

317 2519 398 2585 quas
427 2501 583 2587 scripsisti
612 2511 687 2588 post
716 2503 847 2568 nuntios
879 2510 1063 2568 nostrarum
1084 2509 1210 2569 rorum“
1232 2503 1291 2588 (sc.
1314 2501 1355 2566 de
1377 2499 1414 2567 O.

317 2603 460 2669 Antonio
491 2607 601 2691 capto)
632 2615 665 2672 et
696 2605 858 2672 tabellarii
885 2606 1056 2672 undecimo
1090 2606 1157 2672 fere
1180 2606 1232 2670 die
1253 2606 1316 2670 iter
1336 2603 1415 2668 illud

317 2705 421 2771 Boma
442 2707 684 2796 Dyrrhachium
710 2709 868 2777 conficere
891 2705 1094 2797 solebantst)
1123 2710 1245 2776 Brutus
1267 2708 1416 2774 nuntium

319 2808 360 2876 de
381 2809 418 2878 0.
442 2813 584 2880 Antonio
616 2823 711 2900 capto
740 2817 814 2880 circ.
845 2839 875 2881 a.
906 2814 935 2881 d.
959 2814 1053 2881 XIII.
1075 2813 1150 2882 Kal.
1173 2814 1253 2899 Apr.
1279 2812 1416 2879 Romam

319 2916 506 3001 pervenisse
526 2925 660 3004 putasse
674 2917 845 3003 videtur.³)
887 2918 982 3000 Quae
997 2918 1090 2983 Bruti
1106 2917 1302 3003 computatio
1319 2937 1417 3003 quam
1545 2899 1546 2934 ³

316 3016 403 3081 bene
425 3018 468 3084 ad
489 3021 766 3087 ratiocinationem
792 3022 831 3088 de
847 3022 975 3088 Pansae
989 3022 1093 3088 Roma
1115 3019 1259 3085 discessu
1279 3029 1312 3085 et
1327 3019 1419 3085 Oica-

320 3121 411 3186 ronis
431 3121 513 3188 Phil.
540 3125 589 3192 13.
622 3146 721 3212 supra
752 3126 933 3213 expositam
956 3125 1101 3212 quadret,
1129 3125 1337 3211 inpromptu
1360 3133 1419 3192 est.

321 3223 455 3301 Tamen,
479 3227 631 3312 quoniam
652 3251 760 3295 rerum
782 3230 845 3296 illis
868 3230 990 3308 diebus,
1020 3236 1056 3293 ut
1079 3226 1193 3294 Cicero
1220 3237 1307 3294 recte
1329 3225 1419 3306 dicit,

319 3326 603 3396 turbulentissimis
630 3343 796 3418 gestarum
829 3335 907 3400 ordo
929 3331 1038 3420 paullo
1060 3332 1253 3420 implicatior
1275 3339 1340 3407 est,
1369 3337 1418 3393 ta·
1545 3389 1546 3392 ,

319 3429 439 3496 bellam
466 3455 659 3522 proponam,
689 3460 754 3525 qua
784 3458 848 3525 quo
878 3437 989 3501 ordine
1020 3436 1167 3522 singulas
1194 3457 1246 3500 res
1272 3434 1419 3500 evenisse

322 3535 400 3599 mihi
421 3539 567 3622 persuasi
592 3538 633 3603 ad
657 3542 765 3608 oculos
789 3542 1024 3606 demonstrem:

395 3829 422 3898 1)
440 3828 477 3884 cf.
494 3848 522 3903 p.
542 3833 583 3895 11,
603 3830 644 3886 12.

396 3917 424 3982 2)
442 3914 479 3971 cf.
497 3916 564 3971 ibid.

393 4004 422 4073 3)
440 4002 511 4058 Cum
529 4019 563 4057 ex
582 4005 630 4070 iis,
648 4019 721 4074 quae
741 4004 776 4058 de
793 4003 848 4059 hac
865 4021 896 4058 re
915 4007 1066 4078 disputavi,
1085 4009 1121 4063 de
1140 4008 1170 4066 C.
1189 4005 1313 4062 Antonio
1331 4009 1417 4078 capto

324 4091 453 4144 nuntium
471 4096 520 4145 aut
538 4107 563 4146 a
583 4091 610 4145 d.
628 4090 707 4149 XIV.
727 4091 789 4146 Kal.
801 4093 871 4163 Apr.
891 4101 939 4148 aut
960 4111 985 4150 a.
1005 4096 1033 4151 d.
1050 4095 1129 4152 xm.
1144 4096 1205 4152 Kal.
1218 4097 1287 4164 Apr.
1300 4095 1418 4150 Romam

324 4176 464 4248 perlatum
482 4193 544 4232 esse
558 4184 674 4248 constet,
689 4178 719 4235 C.
735 4179 874 4234 Antonius
886 4181 983 4251 paullo
997 4188 1062 4254 post
1074 4182 1172 4239 Nonas
1185 4183 1302 4241 Martiam
1316 4188 1417 4253 captus

325 4279 386 4319 esee
405 4265 524 4323 ridetur.
932 4273 934 4277 ’
