3140 4762
648 281 860 345 ..19-

202 461 371 534 venerunt,
396 452 501 518 Roma
524 473 602 516 sane
622 460 785 528 recentesr
816 451 910 518 iniis
933 450 1026 517 Bruti
1048 453 1149 518 nostri
1171 453 1299 542 hospes,

202 558 258 642 qui
281 556 450 620 Brutum
472 553 652 642 Neapoli
674 554 936 641 reliquisset.

386 740 455 827 Bp.
478 742 521 808 ad
543 741 629 808 fam.
654 741 706 820 12,
730 741 763 808 12
791 741 912 808 Cicero
940 741 1062 808 Caesio
1086 744 1122 810 S.

295 863 562 934 Schuetaius:
585 862 670 942 „see
693 871 831 930 exeunte
854 861 941 927 Maio
964 864 1002 928 A.
1026 862 1064 928 U.
1088 863 1123 929 (l.
1149 865 1236 933 709.“

293 966 467 1032 Gruber:
498 987 575 1045 „son
598 963 661 1032 hoc
682 987 802 1048 mense,
824 967 911 1030 circa
932 965 1044 1032 Nonas
1064 966 1117 1051 (cf.
1141 968 1214 1044 698,
1237 969 1303 1055 99),

207 1093 280 1136 nam
302 1091 352 1136 ex.
376 1091 483 1136 mense
504 1069 656 1136 Cassium
679 1071 743 1134 iam
766 1067 847 1136 urbe
869 1071 984 1151 exisse,
1007 1092 1049 1136 ex
1070 1072 1133 1138 713
1155 1074 1303 1140 scimus.“

293 1173 473 1261 Suepfle:
496 1173 583 1255 „Sor
607 1180 744 1238 exeunte
766 1171 854 1237 Maio
876 1194 904 1240 a.
928 1195 956 1240 u.
980 1197 1005 1242 c.
1029 1175 1117 1240 709.“

292 1277 453 1341 Baiter:
477 1277 567 1358 „Son
590 1285 728 1342 exeunte
748 1297 859 1342 mense
882 1275 970 1341 Maio
993 1300 1022 1343 a.
1044 1300 1075 1346 u.
1098 1299 1125 1343 e
1148 1279 1238 1346 7105ι

291 1379 557 1465 Wesenberg:
581 1380 664 1460 „Son
688 1387 826 1444 exeunte
848 1401 959 1445 mense
974 1379 1062 1446 Maio
1078 1404 1106 1450 a.
1122 1402 1152 1444 u.
1169 1403 1195 1447 c.
1214 1384 1304 1450 tlor‘

288 1482 409 1548 Mirum
433 1483 469 1548 in
490 1482 619 1550 modum
643 1482 835 1548 Schuetnius
858 1493 890 1547 et
912 1484 968 1569 qui
989 1483 1079 1550 illum
1103 1487 1205 1549 secuti
1227 1495 1303 1552 sunt

204 1586 354 1652 videntur
376 1607 512 1667 errasse,
533 1609 606 1652 cnm
628 1586 713 1652 hanc
735 1583 907 1671 epistulam
930 1597 1067 1652 exeunte
1090 1610 1200 1654 mense
1215 1588 1304 1654 Maio

203 1691 359 1777 scriptam
380 1711 451 1755 esse
473 1699 649 1758 censerent.
696 1689 876 1755 Nemeum
900 1689 965 1755 alia
986 1688 1097 1770 multa,
1133 1698 1202 1756 tum
1225 1691 1304 1756 illud

202 1793 366 1881 imprimis·
392 1792 467 1858 huie
500 1793 719 1862 terminationi
746 1792 873 1876 obstat,
909 1793 996 1880 quod
1025 1804 1163 1860 exeunte
1195 1819 1304 1862 mense

203 1897 291 1962 Maio
314 1895 354 1960 de
376 1917 416 1961 ea
436 1919 472 1962 re
488 1898 669 1985 praecipue
691 1896 818 1962 litterae
840 1899 925 1962 inter
944 1896 1133 1965 Ciceronem
1157 1910 1189 1966 et
1210 1921 1303 1985 prae-

203 2010 290 2066 tores
311 1999 417 2064 Roma
439 2000 590 2088 expulsos
612 1999 904 2082 commutabantur,
928 2008 1034 2066 utrum
1056 2002 1102 2067 illi
1125 2003 1167 2067 ad
1182 2001 1304 2067 Kalen·

204 2105 264 2168 das
277 2103 393 2168 Junias
414 2111 483 2168 tuto
498 2103 635 2168 Romam
652 2103 758 2170 redire
780 2112 913 2188 possent
934 2102 1043 2190 ibique
1065 2106 1116 2170 vel
1138 2107 1172 2170 in
1186 2116 1305 2170 senatu

206 2204 257 2272 vel
272 2207 306 2270 in
321 2206 390 2271 foro
405 2216 547 2290 agerem,
562 2228 671 2273 neone.
715 2204 861 2270 Docetur
875 2204 937 2270 hoo
952 2205 1171 2291 compluribus
1188 2209 1305 2275 litteris

206 2307 316 2374 eodem
346 2319 488 2396 tempore
520 2332 540 2375 a
571 2307 726 2376 Cicerone
756 2309 800 2374 ad
831 2310 975 2375 Atticum
1007 2309 1108 2376 datis:
1142 2313 1192 2378 ad
1221 2315 1304 2379 Att.

205 2412 262 2493 15,
286 2417 323 2494 1,
343 2414 380 2479 5:
409 2413 525 2496 „Quod
547 2414 670 2479 Brutus
692 2421 796 2498 rogat,
819 2422 855 2478 ut
877 2421 952 2478 ante
973 2411 1150 2496 Kalendas,
1186 2417 1229 2483 ad
1251 2439 1304 2482 me

199 2537 326 2602 quoque
346 2518 495 2603 scripsit,
524 2525 556 2581 et
577 2517 716 2582 fortasse
738 2517 873 2595 faciam3
903 2514 960 2581 sed
982 2517 1088 2603 plane,
1112 2519 1189 2605 quid
1212 2519 1304 2601 velit,

199 2619 317 2686 nescio.
370 2619 457 2702 Quid
487 2621 573 2686 enim
594 2619 642 2685 illi
667 2619 783 2686 afferre
805 2619 929 2684 consilii
951 2640 1102 2705 possum,
1136 2623 1303 2710 cumipse

199 2743 314 2806 egeam
337 2723 470 2789 consilio
493 2730 571 2791 etc.“
594 2724 637 2808 (a.
661 2721 691 2788 d.
713 2723 807 2788 XVI.
830 2721 919 2788 Kal.
940 2721 962 2788 J
969 2724 1041 2808 un.)

285 2826 357 2892 Ad.
385 2828 464 2893 Ata
495 2829 563 2906 15,
590 2826 631 2901 4,
654 2828 691 2892 5:
724 2826 851 2909 „Quam
873 2824 1006 2907 vellem,
1033 2825 1136 2890 Bruto
1162 2828 1304 2893 studium

199 2938 292 2996 tuum
314 2952 443 2996 navare
471 2931 648 3019 potuisses!
699 2930 773 3015 Ego
798 2931 897 3015 igilur
920 2927 962 2992 ad
985 2951 1058 2994 eum
1081 2928 1207 2995 litteras
1231 2982 1239 2996 .
1263 2983 1270 2996 .
1296 2984 1303 2997 .

201 3032 287 3098 Ecce
310 3043 418 3100 autem
442 3034 482 3098 de
504 3044 650 3100 traverso
666 3033 703 3099 L.
721 3034 854 3117 Caesar,
876 3042 913 3097 ut
935 3033 1063 3096 veniam
1087 3032 1128 3097 ad
1152 3054 1187 3098 se
1208 3044 1304 3118 rogat

202 3137 236 3201 in
257 3136 394 3217 Nemus,
415 3144 474 3201 aut
496 3136 645 3217 scribam,
669 3160 732 3224 quo
756 3161 791 3204 se
813 3138 924 3202 venire
946 3137 1060 3214 velim3
1093 3136 1194 3202 Bruto
1217 3139 1302 3202 enim

200 3238 327 3326 placere
354 3262 390 3306 se
412 3263 433 3305 a
455 3263 506 3305 me
528 3243 702 3306 conveniri.
755 3239 785 3307 Ο
807 3262 876 3305 rem
900 3239 1044 3306 odiosam
1069 3247 1103 3304 et
1123 3240 1301 3327 inexplica-

200 3341 314 3411 bileml
365 3341 450 3408 Puto
481 3366 532 3409 me
565 3366 643 3429 ergo
669 3346 789 3410 iturum
812 3351 845 3408 et
867 3342 942 3407 inde
963 3343 1101 3409 Romam
1123 3351 1183 3409 etc.
1205 3344 1248 3430 (a.
1272 3343 1303 3407 d.

203 3446 245 3512 X.
268 3446 356 3512 Kal.
379 3447 401 3512 J
409 3448 484 3532 un.)

285 3549 349 3614 Ad
372 3550 453 3617 Art
477 3551 528 3631 15,
550 3551 582 3632 5,
606 3554 641 3615 1:
664 3551 715 3632 „A
732 3549 832 3614 Bruto
856 3549 1045 3616 tabellarius
1060 3548 1172 3627 rediit;
1196 3549 1304 3614 attulit

200 3663 234 3716 et
255 3653 298 3717 ab
321 3674 359 3718 eo
382 3662 415 3717 et
438 3651 553 3718 Cassio
576 3653 718 3718 litteras:
742 3652 911 3717 consilium
933 3675 1041 3717 meum
1064 3674 1182 3737 magno
1206 3675 1303 3739 opere

201 3756 385 3841 exquirunt,
400 3754 522 3820 Brutus
538 3755 678 3841 quidem,
694 3765 801 3820 utrum
814 3757 854 3820 de
867 3754 994 3821 duobus
1010 3761 1089 3824 etc.“
1104 3756 1303 3841 (exeunte

200 3859 335 3932 Maio).
380 3861 474 3941 Quae
497 3881 568 3925 cum
592 3862 638 3925 ita
661 3862 726 3925 sint
747 3882 852 3946 neque
873 3859 1050 3945 quidquam
1072 3858 1113 3924 de
1134 3861 1174 3925 iis
1198 3858 1301 3927 oonsi—
1346 3868 1352 3884 '

200 3964 261 4045 liis,
283 3985 366 4049 quae
389 3962 433 4027 M.
458 3962 595 4027 Brutum
619 3974 650 4028 et
666 3963 817 4028 Cassium
839 3972 978 4028 exeunte
996 3983 1107 4028 mense
1121 3963 1211 4029 Maio
1227 3987 1300 4030 cum

201 4065 358 4132 Cicerone
381 4067 637 4132 communicasse
659 4077 797 4149 constat,
819 4068 853 4132 in
876 4064 1015 4152 epistula
1042 4064 1085 4129 ad
1107 4066 1182 4133 fam.
1209 4067 1258 4148 12,
1283 4073 1297 4132 1

202 4169 356 4256 scripturn
389 4170 591 4248 inveniatur,
619 4169 783 4235 Schuetaii
816 4169 856 4234 de
887 4167 949 4232 bac
980 4169 1118 4258 epistula
1141 4174 1304 4236 sententia

202 4281 288 4337 stare
312 4274 442 4338 omnino
465 4295 529 4338 non
552 4282 666 4361 potest.
711 4272 840 4339 Gruber
864 4280 982 4354 autem,
1010 4293 1206 4362 quamquam
1229 4299 1301 4364 pro-

507 4384 512 4394 .
1055 4378 1089 4433 2,
