3140 4762
634 275 845 342 ...39.„

188 446 397 530 effundebat;
429 445 542 512 eadem
570 453 716 514 recreata
744 469 771 511 a.
796 445 825 511 d.
849 444 926 512 XII.
948 443 1022 513 Kal.
1045 443 1149 514 Maias
1173 456 1205 512 te
1227 447 1291 514 huc

186 553 304 618 venire
326 571 424 638 quam
446 571 480 616 se
503 549 546 616 ad
567 559 600 616 te
622 550 669 614 ire
690 547 848 632 malebat,
883 570 945 635 quo
970 548 1099 636 quidem
1123 552 1175 616 die
1199 575 1290 638 mag·

187 677 308 722 norum
337 675 481 720 meorum
510 653 659 720 laborum
685 651 921 740 multarumque
943 651 1127 738 vigiliarum
1150 657 1289 722 fructum

187 759 264 846 cepi
286 757 463 824 maximum
486 763 562 827 etc.“
586 778 722 844 quocum
745 755 815 822 loco
832 755 861 822 si
875 755 1047 822 contuleris
1063 756 1146 827 Phil.
1164 759 1213 842 14,
1231 760 1287 825 15:

188 859 305 944 ‚,Oum,
332 869 369 926 ut
392 861 491 943 scitis,
515 860 577 927 hoc
599 860 706 926 triduo
727 859 780 924 vel
803 859 975 946 quatriduo
997 861 1098 926 tristis
1121 883 1140 925 a
1163 861 1290 928 Mutina

190 968 283 1032 fama
309 972 472 1047 manaret,
501 964 603 1030 inflati
633 963 757 1032 laetitia
779 973 875 1049 atque
896 963 1067 1030 insolentia
1089 965 1180 1051 impii
1202 966 1289 1030 cives

189 1092 292 1136 unum
321 1091 355 1134 se
381 1069 415 1134 in
443 1067 550 1134 locum
580 1119 649 1138 ...
682 1066 930 1153 congregabant.
982 1067 1034 1136 Ibi
1059 1069 1289 1134 cumconsilio

188 1175 310 1242 inirent
333 1173 373 1239 dc
395 1171 494 1242 caede
516 1181 628 1240 nostra
652 1224 658 1240 .
683 1225 690 1240 .
714 1224 721 1239 .
751 1194 792 1237 ex
814 1192 878 1259 quo
900 1170 1016 1237 caedes
1040 1182 1125 1241 esset
1144 1183 1289 1239 vestrum

191 1279 336 1346 omnium
366 1283 540 1344 consecuta
570 1324 577 1337 .
602 1327 609 1342 .
633 1327 672 1344 ..
725 1275 840 1364 Itaque
868 1274 904 1340 P.
936 1273 1112 1362 Apuleius,
1139 1276 1288 1344 tribunus

190 1382 297 1472 plebis
318 1431 326 1446 .
351 1431 389 1452 ..
426 1382 609 1450 contionem
635 1378 749 1447 habuit
779 1379 954 1444 maximam
986 1431 994 1448 .
1019 1431 1042 1460 .,
1068 1379 1102 1444 in
1126 1400 1287 1466 quacum

190 1509 244 1554 me
265 1509 324 1574 pro
348 1508 474 1552 summa
496 1494 607 1552 nostm
629 1484 853 1552 coniunctione
869 1491 901 1547 et
915 1481 1135 1548 familiaritate
1149 1482 1288 1550 liberare

193 1591 376 1679 suspicione
397 1590 535 1656 fascium
556 1588 661 1670 vellet,
683 1608 748 1654 una
762 1607 842 1653 voce
856 1596 973 1652 cuncta
988 1587 1094 1653 contio
1110 1586 1288 1653 declaravit

191 1695 272 1760 nibil
302 1717 373 1760 esse
402 1716 422 1759 a
447 1716 499 1760 me
527 1714 681 1780 umquam
704 1691 744 1756 de
764 1711 800 1756 re
822 1689 952 1777 publica
973 1690 1037 1757 nisi
1058 1692 1178 1778 optime
1200 1693 1288 1777 eogi-

192 1799 323 1864 tatum.
362 1798 444 1865 Post
474 1794 560 1864 hanc
592 1795 737 1863 habitam
770 1795 951 1861 contionem
986 1793 1111 1862 duabus
1143 1795 1287 1866 tribusve

193 1901 281 1969 horis
310 1901 504 1990 optatissimi
531 1899 635 1966 nuntii
662 1906 694 1962 et
722 1898 848 1964 litterae
877 1903 1062 1964 venerunt.“
1085 1915 1149 1966 non
1172 1899 1286 1965 iisdem

193 2005 316 2090 diebus,
344 2029 374 2072 a.
398 2005 428 2074 d.
451 1991 545 2070 XIII.
568 2010 600 2068 et
622 2001 698 2066 XII.
721 2001 794 2068 Kal.
818 2001 934 2084 Maias,
957 2002 1074 2089 quibus
1097 2001 1286 2069 Ciceronem

191 2108 475 2176 turbulentissimis
490 2107 749 2174 Antonianorum
772 2105 1005 2192 agitationibus
1028 2128 1131 2195 paene
1155 2129 1285 2196 oppres-

196 2237 263 2280 sum
292 2235 364 2280 esse
394 2211 560 2296 scimus‚¹)
591 2211 714 2276 litteras
743 2209 815 2276 illas
845 2195 1061 2297 quietissimae
1085 2210 1125 2276 ab
1149 2213 1219 2300 ipso
1244 2212 1285 2277 ad

66 2329 71 2339 '
194 2317 235 2383 M
257 2317 347 2383 Brut.
370 2317 401 2400 2,
424 2316 443 2380 7
467 2325 499 2380 et
522 2316 591 2399 1,1
623 2313 716 2379 datas
745 2336 816 2380 esse
845 2336 941 2402 posse
966 2301 1134 2401 intelleges
1197 2315 1284 2398 Qua·

189 2420 335 2488 mobrem
358 2418 427 2484 dies
448 2419 519 2486 illos
543 2417 680 2484 traditos

556 2520 669 2604 „XIIL
693 2521 766 2588 Kal.
790 2521 916 2587 Maias“

557 2624 650 2707 „XIL
673 2623 714 2689 K.
737 2624 861 2690 Maias“

184 2729 313 2794 numeri
336 2727 369 2792 ll
399 2729 483 2796 notis
514 2750 586 2794 cum
617 2727 785 2794 simillimis
811 2728 936 2794 numeri
958 2728 988 2792 V
1011 2729 1214 2794 commutatis
1237 2729 1284 2794 ita

186 2831 398 2918 corrigendos
421 2832 569 2914 arbitror,
591 2840 627 2896 ut

192 2990 196 2996 .
255 2935 426 3022 epistulam
448 2937 490 3004 ad
512 2935 557 3004 M.
582 2935 671 3001 Brut.
693 2936 723 3017 2,
746 2936 763 3000 'l
789 2957 816 3004 a.
839 2935 871 3002 d.
893 2935 985 3002 XVI.
1008 2935 1082 3001 Kal.
1105 2936 1220 3018 Maias,

254 3038 425 3128 epistulam
448 3040 490 3106 ad
513 3039 556 3105 M.
580 3039 669 3105 Brut.
694 3039 764 3122 1,1
790 3059 816 3104 a.
841 3036 871 3107 d.
896 3038 971 3110 XV.
994 3039 1068 3108 Kal.
1091 3039 1198 3105 Maias

186 3142 298 3208 datam
321 3164 391 3209 esse
412 3142 611 3211 contendam.
656 3144 750 3226 Quae
772 3141 954 3210 emendatio
970 3141 1136 3229 flagitetne
1153 3144 1282 3210 omnino

188 3247 366 3335 scripturae
394 3246 495 3331 illius,
527 3268 624 3335 quam
654 3254 728 3310 aute
754 3244 835 3310 haec
857 3245 1023 3334 complura
1045 3246 1175 3314 saecula
1196 3256 1282 3314 vete·

186 3350 278 3418 ribus
299 3350 389 3418 libris
411 3350 639 3438 manuscriptis
655 3348 808 3417 traditam
825 3347 1037 3433 habebamus,
1061 3352 1283 3426 mutationem,

186 3453 295 3520 adhuc
316 3454 454 3540 ambigo.
504 3454 589 3520 Nam
611 3475 684 3520 cum
706 3460 738 3520 et
759 3451 863 3518 codex
886 3452 1080 3519 aPetrarea
1102 3453 1282 3544 descriptus

187 3567 221 3622 et
249 3557 376 3634 codices
407 3581 426 3624 a
451 3555 631 3624 Cratandro
661 3566 693 3622 et
715 3579 736 3622 a
756 3555 918 3624 Lambino
942 3557 1092 3640 adhibiti,
1120 3559 1180 3646 qui¹
1196 3581 1283 3624 nunc

187 3683 299 3728 omnes
321 3661 431 3726 amissi
455 3669 537 3742 sunt,
566 3661 698 3726 minutis
719 3650 835 3728 litteris
859 3661 983 3726 exarati
1006 3660 1134 3744 fuerim,
1158 3660 1283 3745 deinde,

185 3788 274 3847 eum,
311 3765 492 3850 ubicunque
520 3765 553 3828 in
584 3763 729 3851 epistulis
761 3762 804 3828 ad
832 3765 875 3830 M.
904 3765 994 3830 Brut
1028 3765 1096 3830 dies
1127 3764 1282 3852 adscripti

185 3870 328 3958 corrupti
357 3876 447 3951 sunt,
475 3888 682 3933 numerorum
704 3867 734 3934 V
758 3875 790 3932 et
811 3866 845 3930 II
868 3868 952 3933 notis
975 3868 1060 3934 inter
1083 3889 1117 3934 se
1140 3890 1280 3933 commu·

186 3974 263 4038 tatis
286 3970 404 4038 menda
427 3971 535 4038 sanari
558 3992 653 4057 posse
675 3971 887 4058 videantur,²)
903 3972 1050 4058 equidem
1066 3973 1100 4039 in
1115 3971 1281 4038 codicibus

187 4133 394 4140 -———————-—-

259 4214 283 4278 1)
301 4209 402 4284 Lange
420 4210 469 4276 Ill,
487 4211 548 4267 eat.

254 4300 283 4363 2)
300 4297 380 4370 Loci,
405 4297 507 4369 quibus
528 4299 670 4369 scriptura
695 4296 812 4373 vulgma
830 4297 884 4354 bae
907 4299 1016 4362 ratione
1034 4299 1213 4356 emendanda
1231 4305 1281 4365 est,
