3140 4762
670 261 880 326 „45ss

230 428 333 494 hostis
355 430 514 496 iudicatus
537 440 631 515 esset,
653 454 688 498 re
710 453 788 499 vera
802 431 942 498 Plancus
964 454 993 501 a.
1017 432 1045 500 d.
1061 433 1102 500 X.
1117 432 1191 500 Kal.
1207 433 1323 500 Junias

232 532 295 612 (ad.
318 533 392 598 fam.
411 535 460 616 10,
475 535 531 621 21)
554 535 596 600 ad
612 533 801 601 Ciceronem
824 535 864 602 de
879 536 997 625 Lepidi
1018 536 1172 602 militibus
1194 545 1324 623 propter

230 634 409 702 Antonium
440 636 564 703 hostem
593 637 770 704 iudicatum
793 634 995 707 tumultuatis
1018 638 1158 708 scribere
1178 640 1291 727 potuit.
1299 642 1324 727 ¹)

230 739 341 822 Quare
362 740 462 806 Nakii
492 744 769 833 argumentatione
794 743 873 809 nihil
908 744 1052 810 efficitur.
1104 742 1259 809 Attamen
1282 765 1323 810 ex

230 843 415 928 epistula
444 844 495 910 ad
522 845 566 910 M.
597 845 704 913 Brut.
737 849 771 927 1,
802 849 822 914 3
858 869 879 912 a
910 847 1005 914 nobis
1031 854 1119 914 recte
1148 846 1324 912 constituta

230 944 273 1010 M.
295 944 473 1014 Antonium
498 970 527 1018 a.
551 949 580 1016 d.
603 948 662 1017 XI.
684 949 725 1014 K.
749 949 870 1031 Maias,
900 971 962 1031 quo
986 950 1037 1016 die
1060 949 1174 1015 Cicero
1197 948 1231 1012 in
1254 971 1323 1014 ora-

230 1049 315 1115 tione
336 1049 517 1138 Philippica
543 1053 589 1118 14.
623 1053 728 1118 denuo
756 1053 791 1117 id
819 1077 839 1118 a
862 1063 975 1120 senatu
997 1052 1174 1138 flagitavit,
1196 1050 1322 1117 hostem

231 1174 302 1218 esse
323 1153 499 1218 iudicatum
523 1155 577 1234 (cf.
600 1151 637 1244 ξ
658 1156 702 1238 3.)
724 1157 906 1222 necessario
928 1155 1097 1242 colligitur.
1120 1194 1163 1204 -

314 1255 416 1321 Multo
456 1258 553 1323 ctiam
581 1260 685 1344 magis
715 1260 749 1323 in
778 1269 929 1348 promptu
958 1268 1007 1325 est
1040 1259 1190 1340 alteram,
1227 1278 1324 1345 quam

231 1359 339 1441 attuli,
369 1358 470 1426 Nakii
498 1364 767 1449 computationem
798 1384 868 1430 esse
892 1363 1024 1446 falsam,
1054 1364 1088 1428 in
1119 1384 1183 1450 qua
1212 1362 1245 1425 id
1273 1384 1324 1426 me

230 1462 370 1528 maxime
393 1463 534 1547 offendit,
564 1466 648 1552 quod
672 1464 809 1551 Nakius,
831 1475 868 1532 ut
890 1466 1058 1552 epistulam
1080 1464 1122 1530 ad
1143 1465 1217 1533 iam.
1242 1463 1322 1530 alb.

229 1590 257 1632 a.
288 1565 330 1644 d.¹
345 1565 435 1634 XIV.
466 1567 540 1636 Kal.
566 1569 640 1634 Jun.
678 1569 788 1634 datam
821 1591 890 1636 esse
920 1568 1132 1650 demonstret,
1167 1568 1323 1633 Plancum
1404 1627 1407 1632 .

229 1670 414 1756 quintodie
436 1671 477 1738 de
499 1672 542 1738 M.
559 1670 691 1738 Antonii
713 1674 748 1738 in
764 1672 905 1760 Gallia2)
927 1673 1068 1739 adventu
1088 1671 1232 1738 nondum
1255 1693 1321 1738 ccr-

228 1776 342 1839 tiorem
371 1773 493 1840 factum
518 1797 587 1842 esse
611 1785 751 1843 statuere
773 1780 906 1862 cogitur.
957 1776 1010 1842 Ex
1031 1783 1144 1842 nostra
1164 1777 1324 1840 sententia

228 1875 415 1942 tabellarius
436 1878 499 1960 ille,
521 1901 579 1965 per
601 1900 697 1964 quem
714 1880 826 1947 Cicero
844 1881 957 1948 Planci
978 1879 1119 1956 fratrem,
1141 1887 1322 1966 praetorem

228 1979 400 2062 urbanum,
429 1989 474 2062 ut,
493 2003 566 2046 cum
588 1982 734 2048 consides
756 1985 873 2050 mortui
895 1992 1011 2064 essent,
1032 1983 1167 2048 Romam
1187 1983 1321 2057 veniret,

227 2083 413 2150 cohortatus
429 2092 486 2166 est,
510 2085 618 2148 statim
639 2095 712 2173 post
727 2088 874 2153 nuntium
890 2087 929 2153 de
945 2085 1129 2152 oonsulibus
1144 2085 1321 2151 interiectis

227 2189 350 2255 Romae
382 2195 595 2276 compertum,
624 2209 651 2253 a.
680 2189 710 2256 d.
740 2191 778 2256 V.
806 2191 887 2258 Non.
919 2190 995 2256 Mai.
1024 2189 1127 2254 Roma
1156 2187 1321 2275 profectus

228 2293 341 2360 Planci
364 2302 471 2358 castra
492 2291 565 2356 circ.
583 2312 611 2354 a.
629 2290 658 2357 d.
674 2291 765 2357 XVI.
780 2292 821 2358 Κ.
837 2293 912 2358 Jun.
929 2292 1046 2378 attigit,
1069 2291 1115 2356 ita
1129 2299 1165 2359 ut
1181 2290 1322 2358 Plancus

229 2406 285 2464 aut
314 2396 427 2464 eodem
457 2404 513 2462 eut
535 2404 687 2482 sequente
711 2395 762 2462 die
784 2418 880 2462 mane
900 2393 1076 2462 rescribere
1097 2403 1224 2482 posset,
1256 2415 1320 2481 quo

228 2509 371 2618 tempore
407 2521 480 2566 eum
502 2499 636 2565 Antonii
659 2498 833 2566 adventum
861 2500 1003 2566 nondum
1032 2499 1223 2584 cognovisse
1255 2519 1320 2562 non

227 2605 343 2668 mirum
371 2612 430 2670 est
480 2610 595 2689 Itaque
623 2624 672 2704 ep
698 2601 741 2666 ad
763 2602 838 2668 fam.
863 2604 913 2687 10,
937 2601 1009 2672 tlh
1032 2604 1104 2669 ciro.
1128 2623 1156 2667 a.
1180 2601 1209 2670 d.
1229 2600 1322 2668 XVI.

229 2705 300 2774 Kal.
322 2706 398 2774 Jun.
422 2706 542 2794 scripta
565 2725 636 2770 csse
646 2694 793 2771 videtur.

312 2811 381 2897 Ep
404 2809 452 2875 ad
475 2807 519 2874 M.
542 2808 653 2874 Brut.
685 2809 718 2888 1,
741 2808 763 2871 4
792 2808 877 2876 aM.
899 2809 1001 2875 Bruto
1024 2735 1138 2873 Idibus
1161 2805 1258 2872 Maiis
1281 2829 1323 2872 ex

228 2914 344 2982 castris
366 2912 444 2980 data
464 2921 496 2977 et
517 2910 560 2978 ad
585 2909 729 2977 eiusdem
750 2911 825 2978 libri
846 2910 1015 3001 epistulam
1038 2911 1058 2975 3
1083 2920 1116 2977 et
1137 2910 1181 2976 ad
1202 2909 1249 2976 3b
1272 2933 1322 2976 re·

228 3019 373 3106 spondet,
394 3038 530 3105 quarum
552 3015 762 3101 epistularum
778 3016 860 3082 Brut
846 3024 897 3082 tus
919 3013 1104 3082 alteram
1076 3035 1141 3079 crrc
1163 3036 1192 3079 a.
1214 3013 1244 3080 d.
1262 3013 1319 3080 Vl.

226 3123 327 3203 Non,
355 3121 489 3187 alteram
518 3117 622 3205 pridie
643 3117 691 3184 ld.
715 3119 790 3185 Mai.
820 3120 983 3206 accepisse
1005 3117 1141 3184 videtur.
1193 3116 1320 3202 Quodsi

227 3227 300 3313 quis
329 3227 462 3290 miretur
484 3221 620 3288 Brutum
646 3244 712 3288 non
741 3223 910 3288 confestim
936 3231 1010 3308 post
1032 3219 1202 3307 epistidam
1224 3220 1244 3286 3
1268 3242 1320 3286 ao-

227 3338 354 3419 ceptam
375 3327 588 3415 rescripsisse,
610 3325 815 3391 statuendum
830 3327 891 3392 erit
906 3346 1065 3390 eumcum
1081 3324 1161 3390 actis
1175 3320 1322 3410 publicis,

228 3441 297 3498 tum
319 3431 463 3522 epistulis
484 3430 620 3518 privatis
643 3428 683 3494 de
704 3429 877 3494 certamine
892 3449 1041 3514 supremo
1056 3425 1202 3514 proxim0
1216 3427 1319 3493 immi·

300 3658 324 3726 1)
341 3653 469 3728 Lepidus
488 3657 550 3708 erat
567 3658 626 3706 tum
644 3650 712 3707 Pori
731 3650 850 3706 Voconii
871 3649 934 3719 (cir.
956 3666 1001 3724 ep.
1020 3649 1056 3705 ad
1075 3651 1141 3705 fam.
1163 3653 1203 3717 lo,
1225 3652 1267 3719 17,
1286 3654 1322 3723 1),

228 3742 276 3816 qui
300 3741 377 3797 locus
401 3758 420 3796 a
436 3739 527 3794 Roma
551 3739 616 3793 circ.
636 3739 688 3795 640
704 3754 760 3809 pm.
786 3738 885 3792 aberat
902 3736 937 3791 cf.
957 3737 1022 3792 Itin.
1043 3737 1108 3791 Ant.
1126 3754 1153 3808 p.
1174 3739 1320 3795 139-142.

227 3830 359 3896 Plancus,
372 3827 420 3900 qui
439 3825 477 3882 ad
494 3824 601 3879 Isaram
620 3830 713 3880 castra
729 3823 857 3878 habebat
873 3823 922 3895 (cf.
941 3823 978 3877 ad
997 3823 1064 3877 fam.
1083 3825 1185 3890 10,18;
1204 3827 1235 3880 21
1258 3823 1323 3894 ete.)

227 3918 293 3973 cire.
306 3919 358 3972 150
374 3933 430 3986 pm.
450 3931 468 3969 a
485 3912 604 3984 Lepido,
622 3912 689 3968 circ.
707 3909 846 3966 650-700
863 3925 919 3980 pm.
938 3924 956 3964 a
974 3907 1065 3965 Roma
1084 3911 1185 3966 aberat
1203 3911 1239 3966 cf.
1257 3909 1321 3964 ltin.

226 4003 294 4059 Ant.
312 4019 340 4074 p.
360 4001 505 4058 162-171.

296 4093 326 4161 2)
343 4089 381 4145 M.
400 4087 539 4144 Antonius
556 4086 654 4142 Idibus
673 4084 755 4140 Maiis
773 4083 877 4140 Porum
896 4082 966 4140 dolii
984 4085 1120 4156 pervenit,
1141 4081 1189 4152 (cf.
1203 4081 1240 4136 ad
1254 4079 1321 4136 fam.
1404 4107 1406 4114 v

228 4179 332 4248 10,17,
353 4178 380 4247 1)
407 4176 455 4248 qni
477 4175 556 4231 loona
580 4189 598 4230 a
619 4173 694 4228 Poro
717 4171 838 4228 Voconii
864 4172 900 4228 24
918 4188 973 4242 pm.
997 4170 1047 4244 (cf.
1066 4170 1159 4240 ibid),
1184 4169 1281 4240 itaque
1304 4185 1322 4223 a

226 4265 327 4322 Planci
345 4263 445 4322 castris
462 4263 527 4321 circ.
546 4262 598 4319 170
610 4278 667 4336 pm.
686 4261 790 4316 aberat.
