3138 4768
670 351 860 418 ..3-

221 521 512 611 praemonendum,
549 522 607 588 sed
643 547 706 611 quo
737 547 883 614 quaeque
913 524 983 591 loco
1014 523 1237 607 adhibebitur,
1274 472 1315 586 de
1423 601 1430 607 Π

146 705 149 708 ,
222 625 358 711 singulis
384 626 546 712 agendum
570 627 640 696 erit.
662 667 705 676 -

306 727 383 793 Alia
409 728 493 792 ratio
522 739 571 794 est
599 729 848 799 tabellariorum.
879 771 921 781 —
949 733 1033 798 Nam
1065 751 1260 817 quamquam
1283 737 1315 793 et

103 875 107 882 ·
221 831 412 919 Bardtius1)
444 840 475 897 et
495 832 760 922 Friedlaenderl)
791 844 869 923 quot
898 835 1022 901 dierum
1053 835 1167 922 spatiis
1189 831 1314 897 litterae

223 936 387 1022 nuntiique
417 935 451 999 in
479 934 606 1021 singula
626 936 698 1003 loca
719 939 854 1025 perferri
876 941 1049 1028 potuerint,
1070 937 1173 1026 perite
1196 945 1314 1001 statue-

103 1063 115 1088 ·
221 1049 304 1121 runt,
326 1048 434 1104 tamen
456 1039 490 1103 in
507 1039 641 1126 singulis
657 1038 850 1126 quibusdam
866 1064 914 1123 ac,
936 1044 964 1107 si
978 1044 1163 1108 universum
1180 1047 1315 1126 spectes,

221 1143 351 1206 minutis
373 1140 479 1223 rebus,
501 1141 671 1213 edmeam
694 1153 800 1210 autem
823 1136 1123 1212 commentationem
1145 1166 1210 1210 non
1233 1141 1312 1207 nihil

221 1244 404 1312 valentibus
438 1246 499 1309 viri
531 1245 576 1309 illi
610 1245 696 1312 docti
725 1248 875 1316 videntur
904 1272 1038 1318 errasse.
1089 1248 1204 1334 Itaque
1234 1235 1330 1310 'mihi

221 1358 271 1414 est
291 1349 500 1435 propositum,
524 1348 563 1414 de
579 1350 749 1434 celeritate,
772 1374 837 1439 qua
852 1353 1015 1422 Ciceronis
1031 1360 1136 1418 aetate
1151 1349 1313 1416 tabellarii
1414 1371 1416 1376 ·

220 1453 337 1517 itinera
363 1451 470 1517 lacere
500 1455 742 1538 consueverint,
773 1478 828 1538 ea,
858 1477 941 1542 quae
963 1455 1006 1521 ad
1029 1456 1249 1543 quaestionem
1273 1452 1313 1516 de
1416 1470 1417 1474 ’

222 1555 328 1622 Cassii
344 1556 489 1643 epistulis
505 1557 587 1622 bene
601 1558 832 1624 instituendam
847 1562 1031 1626 necessaria
1048 1562 1120 1641 sint,
1135 1557 1313 1645 praemisso

218 1656 364 1746 quodam
389 1660 493 1748 capite
517 1659 694 1729 absolvere.
717 1699 759 1710 -

221 1917 437 1974 constituendas
464 1923 492 1972 et
521 1918 558 1972 ad
588 1934 634 1972 res
654 1907 800 1990 ‘quasdam
823 1919 999 1975 obscuriores
1021 1917 1205 1974 illustrandas
1227 1915 1314 1971 multo

221 2005 320 2060 maiori
344 2005 425 2072 mibi,
460 2021 543 2076 quam
566 2014 809 2078 exspectaveram,
834 2007 997 2062 adiumento
1022 2012 1116 2072 erant,
1144 2005 1258 2060 easdem
1280 2020 1315 2058 ex

221 2109 283 2147 meo
325 2092 443 2148 arbitrio
473 2092 619 2146 ordinatas
648 2094 678 2146 in
701 2099 825 2150 extremo
849 2093 946 2150 libello
970 2095 997 2149 in
1024 2093 1122 2148 tabula
1140 2105 1315 2162 componere

220 2195 277 2234 non
297 2179 434 2234 dubitavi.
468 2179 573 2234 Tamen
593 2179 681 2254 doleo,
701 2181 777 2252 quod
795 2186 824 2236 et
840 2185 956 2252 propter
974 2180 1108 2251 temporis
1127 2178 1274 2251 angustias
1287 2182 1315 2231 et

224 2266 290 2337 quia
311 2283 355 2321 res
377 2261 458 2321 tanta
476 2266 608 2322 hocloco
627 2268 680 2322 rite
697 2267 805 2323 absolvi
823 2284 880 2322 non
897 2266 998 2338 possit,
1013 2266 1215 2340 ¹quaestionem
1233 2264 1313 2318 illam

223 2353 258 2407 de
282 2353 421 2408 Ciceronis
446 2354 482 2408 ad
506 2353 543 2406 M.
565 2355 640 2430 Brut.
666 2355 794 2425 epistulis
819 2354 961 2426 inceptam
987 2351 1131 2410 adfinem
1155 2352 1311 2425 perducere

222 2439 288 2494 mihi
307 2458 362 2495 non
380 2440 469 2495 licuit.
749 2457 750 2460 ¹
1094 2441 1098 2454 ’
1217 2447 1219 2453 ’

292 2530 318 2597 1)
336 2527 469 2598 „Quaeet
489 2528 583 2583 Tull‘.
1167 2553 1168 2558 κ
1204 2559 1205 2562 =
1247 2559 1249 2564 ·

286 2615 573 2688 2)„ocrste11ungen
591 2632 643 2670 aus
662 2617 712 2672 der
729 2615 985 2689 Sittengeschichte
1005 2616 1091 2672 Rome
1110 2617 1185 2670 etc.“
1227 2615 1263 2668 13..
1278 2611 1305 2666 11

222 2704 341 2776 Leipzig
360 2704 436 2771 1874,
455 2721 482 2776 p.
503 2704 597 2760 1—81.
