3140 4762
635 313 847 376 „23..

198 483 331 550 Octobr.
356 483 476 570 scripta
500 494 557 565 est,
580 483 666 572 quod
689 483 729 548 de
751 485 899 548 contione
911 486 936 567 ¹)
959 481 1013 548 illo
1026 483 1077 548 die
1093 483 1135 548 ab
1151 483 1293 550 Antonio

195 587 310 652 habita
332 584 412 650 nihil
433 587 467 651 in
489 607 529 650 ea
550 586 676 670 legitur.

369 772 435 856 ΙΙΙ).
462 773 505 840 ad
527 772 613 840 Iam.
637 774 699 854 12,
715 773 752 840 3:
788 773 908 841 Cicero
934 774 1056 841 Gnosio
1083 775 1118 840 S.

282 895 552 962 Schuetnius:
576 896 661 976 „Sor
686 895 808 962 Romae
830 896 903 963 circ.
932 895 1043 962 Nonas
1067 895 1225 962 Octobres
1250 895 1289 960 A.

201 999 236 1064 U.
261 997 299 1066 O.
321 999 412 1064 7092*

283 1101 461 1192 Gruber:
485 1113 577 1190 „post
599 1103 753 1168 V1.N0n.
770 1102 840 1170 Oct.
863 1112 896 1168 et
918 1113 993 1168 ante
1015 1111 1202 1191 sequentem
1226 1102 1291 1182 (ad.

196 1207 272 1270 fam.
296 1204 382 1290 XII,
403 1208 461 1272 23:
485 1216 561 1293 post
584 1205 657 1271 VII.
681 1205 759 1270 Idus
782 1205 868 1292 Oct.)
895 1209 972 1294 quia
993 1206 1073 1272 nihil
1096 1206 1135 1270 de
1157 1205 1292 1272 Antonii

195 1310 332 1375 itinere.“

280 1411 466 1500 Sucpfle:
482 1411 566 1491 „scs
583 1411 704 1478 Romae
720 1415 792 1480 circ.
805 1413 916 1479 Nonas
925 1412 1083 1480 Octobres
1092 1436 1119 1478 a.
1127 1435 1157 1477 u.
1167 1433 1193 1479 c.
1201 1411 1291 1478 7094

277 1518 353 1582 Bai
362 1527 441 1583 ter:
457 1513 541 1594 „Son
549 1514 670 1582 Romae
677 1519 808 1582 ineunte
819 1538 929 1582 mense
940 1515 1075 1582 Octobri
1082 1541 1108 1584 a.
1121 1538 1151 1582 u.
1162 1538 1188 1583 c.
1202 1515 1291 1580 710.“

279 1619 560 1704 Wesenbergi
570 1641 632 1685 us:
648 1621 734 1700 „Sca
750 1619 871 1686 Romae
886 1620 1016 1685 ineunte
1031 1643 1141 1685 mense
1156 1619 1290 1685 Octobri

192 1724 441 1794 aucflffl

278 1828 316 1893 In
350 1827 530 1893 definiendo
554 1822 716 1914 tempore,
746 1848 810 1914 quo
833 1825 913 1892 haec
936 1827 1074 1915 epistula
1097 1829 1217 1915 scripta
1240 1827 1290 1908 sit,

193 1931 253 1996 viri
283 1931 368 1998 docti
398 1930 543 2018 paullum
571 1932 656 1995 inter
678 1951 713 1994 se
737 1929 947 2009 dissentiunt3
980 1932 1159 1996 rectissime
1182 1940 1289 1996 autem

194 2034 320 2100 Gruber
343 2035 427 2100 banc
450 2035 620 2122 epistulam
638 2035 723 2098 inter
745 2056 773 2097 a.
797 2033 825 2100 d.
849 2031 905 2099 VI.
927 2034 1046 2113 Nonas,
1069 2057 1132 2120 quo
1156 2033 1206 2099 die
1222 2035 1289 2098 An·

193 2140 299 2203 tonius
323 2140 502 2203 contionem
526 2139 558 2203 in
582 2135 722 2225 epistula
743 2147 1026 2201 commemoratam
1049 2136 1172 2218 babuit,
1206 2145 1238 2201 et
1260 2161 1289 2204 a.

197 2239 225 2306 d.
250 2241 320 2306 VII.
343 2241 420 2307 Idus
443 2241 610 2323 Octobres,
642 2240 777 2328 quodie
799 2240 961 2305 Antonine
984 2240 1192 2305 Brundisium
1215 2262 1288 2327 pro-

200 2344 300 2409 fectus
324 2347 410 2431 est‚⁸)
430 2346 572 2409 inseruit.
618 2342 680 2409 Oui
702 2366 834 2430 prorsus
857 2343 1046 2430 adstipulor.

369 2481 433 2616 Ep.
455 2531 498 2598 ad
519 2531 605 2598 Iam.
630 2533 684 2613 12,
705 2533 747 2600 42
778 2532 899 2599 (licere
925 2531 1047 2598 (laesio
1070 2533 1109 2602 S.

277 2641 516 2718 Schuetnius:
532 2653 616 2732 „Son
628 2654 751 2719 Romae
761 2675 872 2718 mense
882 2653 1039 2720 Januario
1052 2655 1091 2722 A.
1103 2654 1141 2720 U.
1154 2654 1188 2724 C.
1198 2655 1289 2720 710.“

279 2756 455 2823 Gruber:
486 2757 577 2838 „Hae
600 2779 658 2822 sex
688 2781 757 2844 epp.
779 2757 853 2822 Jan.
882 2765 939 2820 aut
967 2758 1009 2823 in.
1031 2757 1127 2823 Febr.
1151 2762 1289 2846 scriptae

191 2859 324 2943 (Cernis.
348 2859 426 2944 XII,
449 2863 501 2942 24,
523 2862 563 2926 D.
587 2862 688 2927 Bruto
711 2860 772 2944 XI,
788 2861 818 2941 8,
841 2859 956 2925 Cassio
978 2859 1055 2940 XII,
1070 2863 1101 2944 4,
1124 2861 1287 2928 Trebonio

190 2964 232 3043 X,
246 2965 298 3039 28,
322 2963 437 3031 Cassio
453 2963 531 3050 XII,
545 2967 575 3044 5,
597 2965 699 3031 Paeto
714 2960 774 3047 IX,
791 2964 862 3052 24);
884 2965 918 3028 in
941 2965 1046 3052 prima
1062 2968 1147 3030 enim
1162 2967 1286 3052 legatos

191 3067 233 3132 ad
255 3069 432 3134 Antonium
456 3091 526 3134 esse
547 3069 710 3158 profectos
729 3080 760 3135 et
775 3069 956 3155 exspectari
971 3068 1119 3152 legimus,
1143 3071 1229 3158 quod
1243 3074 1285 3136 in.

190 3171 299 3235 statim
322 3193 407 3236 anno
429 3172 560 3256 lactum,
583 3173 663 3240 Phil.
686 3173 726 3256 V,
745 3176 771 3241 l.
794 3171 869 3254 VlI,
887 3173 902 3235 1
921 3181 952 3236 et
969 3171 1060 3254 VIII,
1078 3176 1113 3256 13
1136 3175 1169 3238 in
1186 3174 1287 3240 altera

190 3273 275 3338 idem
307 3284 339 3338 et
368 3273 509 3341 Hirtium
539 3279 605 3342 iam
633 3279 738 3342 exisse
766 3278 805 3342 cf.
834 3274 917 3339 Phil.
948 3275 1023 3356 VII,
1044 3277 1083 3341 4:
1115 3279 1148 3340 in
1182 3277 1286 3343 tribus
1379 3335 1382 3340 .

189 3377 344 3463 proximis
374 3400 427 3444 eos
456 3380 594 3462 redisse,
627 3381 694 3447 Ser.
726 3379 900 3466 Sulpicium
931 3390 1109 3458 mortuum,
1142 3381 1180 3447 cf.
1204 3381 1285 3446 Phil.

190 3477 272 3543 VIII
294 3489 326 3545 et
347 3479 398 3546 IX
421 3504 503 3569 quae
525 3493 594 3550 tota
615 3485 655 3549 de
678 3484 747 3548 eius
768 3482 953 3550 honoribus.
997 3483 1058 3570 Ep.
1084 3483 1145 3547 795
1168 3482 1284 3568 (Paeto

189 3581 250 3664 IX,
271 3583 327 3670 24)
351 3587 471 3672 scripta
493 3598 567 3653 aute
590 3589 771 3654 Favonium
792 3584 939 3668 flantem,
955 3587 1010 3673 qui
1034 3586 1106 3654 VII.
1128 3586 1174 3654 Itl
1188 3586 1286 3656 Febr.

188 3687 316 3772 incepit,
339 3691 378 3754 cf.
401 3688 526 3756 Colum.
548 3691 583 3759 R.
603 3691 641 3758 R.
664 3690 723 3770 XI,
744 3691 793 3756 25⁶

276 3790 464 3879 Sucpfle:
487 3794 573 3875 „Son
594 3794 716 3862 Romae
739 3817 849 3860 mense
862 3793 1019 3858 Ianuario
1034 3793 1072 3859 A.
1089 3792 1127 3859 U.
1144 3793 1179 3859 O.
1197 3796 1285 3861 tlof‘

275 3896 406 3983 Frey:
429 3897 515 3977 „Der
537 3897 630 3963 Brief
647 3901 690 3964 ist
712 3901 755 3964 im
779 3897 927 3963 Februar
948 3895 1188 3981 gescbrieben.“

239 3993 244 4012 '
275 3999 428 4066 Baiter:
450 4002 538 4083 „Son
560 4001 680 4068 Romae
704 4024 813 4068 mense
834 4001 991 4067 Ianuario
1014 4024 1041 4065 a.
1066 4023 1095 4067 u.
1118 4024 1144 4068 c.
1167 3999 1260 4070 lll.“

262 4241 286 4305 Ι)
305 4239 342 4294 cf.
362 4241 458 4313 Lange
477 4241 530 4310 Ill,
550 4243 609 4296 512.

257 4329 285 4390 2)
304 4327 339 4380 cf.
361 4327 508 4386 Drumaun
527 4329 548 4395 I,
566 4331 628 4386 203.
663 4329 760 4400 hange
777 4328 830 4394 lll,
849 4327 909 4386 512.
