3140 4762
595 295 807 360 -.37-

152 465 245 531 bonii
266 465 408 530 stillum
430 466 471 532 d'e
493 465 530 534 C.
546 465 688 533 Antonio
710 473 805 552 capto
828 487 893 530 non
914 463 1009 528 nimis
1031 463 1128 550 longo
1150 466 1247 530 inter-

73 653 76 658 *
113 575 117 583 “
152 569 239 635 vallo
269 569 404 635 Romam
435 571 635 657 pervenisse,
663 569 779 637 deinde
805 568 851 638 M.
873 567 1010 634 Brutum
1039 567 1113 635 Kal.
1135 570 1247 657 Apr.1)
1315 610 1320 618 ·

152 671 323 738 Ciceronis
349 673 472 739 litteras
495 673 535 739 de
557 681 659 741 morte
682 673 838 740 Trebonii
856 671 999 738 nondum
1021 671 1182 741 habuisse.
1205 709 1247 722 -
1313 670 1314 676 '

241 774 517 862 Comprehensum
544 782 650 846 autem
673 776 709 845 C.
731 775 909 842 Antonium
936 795 1007 840 esse
1028 775 1117 840 fama
1139 784 1196 842 aut
1217 797 1246 844 a.

152 881 184 945 d.
214 878 305 946 XIV.
337 887 393 945 aut
421 903 449 948 a.
479 880 509 948 d.
539 879 632 948 XIII.
663 879 735 945 Kal.
767 879 845 966 Apr.
869 877 991 945 Romae
1021 878 1132 944 audita
1160 883 1246 960 esti)

152 981 362 1071 quamobrem
374 983 519 1048 nuntium
533 982 745 1050 de'I'rebonio
758 983 863 1048 occiso
879 1006 900 1047 a
909 989 978 1046 nte
989 981 1101 1048 Nonas
1109 981 1246 1048 Martias

151 1087 275 1152 Romae
290 1095 487 1173 compertum
503 1094 645 1152 statuere
661 1107 740 1152 sane
753 1109 819 1151 non
834 1086 987 1174 propensi
1002 1107 1120 1151 sumus.
1150 1084 1247 1166 Quod

150 1212 231 1256 vero
252 1189 295 1255 Μ.
319 1187 420 1256 Bruto
436 1189 603 1256 Ciceronis
625 1189 666 1255 de
681 1188 852 1256 Dolabella
872 1189 964 1255 hoste
986 1189 1127 1254 iudicato
1150 1197 1248 1276 atque

152 1295 195 1360 de
217 1293 364 1360 oratione
378 1293 560 1383 Philippica
581 1292 753 1359 undecima
773 1292 900 1358 litterae
914 1291 987 1358 Kal.
1004 1294 1083 1379 Apr.
1105 1293 1247 1358 nondum

156 1396 303 1464 redditae
334 1405 442 1480 erant,
474 1395 662 1463 Ciceronem
692 1397 825 1460 summis
853 1393 1019 1460 laboribus
1048 1404 1249 1482 occupatum,

153 1501 342 1588 praesertim
363 1522 436 1565 curn
458 1498 541 1567 Phil.
560 1502 608 1567 11.
632 1508 778 1587 optatum
800 1506 950 1564 eventum
972 1520 1038 1563 non
1059 1498 1246 1580 habuerim)

153 1605 216 1670 illis
239 1603 353 1670 diebus
374 1626 410 1669 re
430 1625 510 1669 vera
530 1604 564 1668 in
587 1602 702 1669 litteris
723 1625 797 1667 oum
819 1602 863 1667 M.
886 1602 988 1668 Bruto
1011 1601 1247 1671 commutandis

150 1707 263 1795 paullo
285 1708 498 1774 remissiorem
520 1707 620 1773 fuisse
641 1705 821 1792 putandum
843 1705 913 1772 erit.

240 1810 309 1876 Iam
332 1812 477 1899 sequitur
497 1813 530 1876 in
552 1809 671 1876 tradito
687 1807 896 1897 epistularum
912 1806 954 1872 ad
969 1806 1120 1874 Cassium
1136 1808 1248 1875 ordine

150 1914 335 1980 duodecimi
358 1914 400 1979 ad
422 1915 497 1980 lam.
521 1913 595 1980 libri
616 1912 756 2000 epistula
770 1923 894 1996 octava,
917 1933 1014 1999 quam
1030 1910 1247 1997 compluribus

149 2016 318 2084 mensibus
332 2027 408 2104 post
422 2027 549 2084 sextam
558 2019 585 2103 ⁴)
602 2016 712 2082 datam
728 2037 798 2081 erse
814 2039 855 2082 ex
870 2023 1120 2084 commemorata
1131 2014 1248 2102 Lepidi

152 2121 195 2186 ad
211 2121 253 2186 M.
270 2121 449 2188 Antonium
470 2121 662 2186 transitione
677 2121 890 2205 cognoscitur.
935 2120 1047 2208 Neque
1062 2141 1139 2185 vero
1157 2116 1247 2184 Cice·

155 2245 262 2290 renem
285 2223 325 2290 de
347 2225 445 2291 rebus
467 2225 602 2290 maximi
623 2224 777 2289 momenti
798 2224 964 2292 mensibus
984 2222 1090 2310 Aprili
1112 2229 1144 2288 et
1158 2222 1246 2288 Maio

156 2329 190 2394 in
211 2327 376 2394 occidente
396 2328 498 2414 gestis
520 2328 563 2394 ad
586 2326 754 2406 Cassium,
777 2329 868 2394 ouius
890 2331 960 2416 ipse
982 2325 1159 2394 commodis
1181 2336 1247 2392 stu-

155 2431 244 2498 diose
265 2431 471 2516 consulebat,
502 2431 582 2497 nihil
604 2432 771 2518 scripsisse
792 2433 861 2498 veri
883 2432 987 2499 simile
1009 2440 1073 2513 est,
1100 2431 1157 2498 sed
1178 2440 1247 2497 tota

152 2534 362 2623 epistularum
383 2535 468 2600 inter
489 2544 614 2601 sextam
636 2543 670 2600 et
691 2546 840 2602 octavam
855 2536 1004 2604 datarum
1019 2537 1118 2602 series
1134 2535 1246 2621 deper-

152 2637 222 2702 dita
244 2659 316 2703 esse
337 2638 472 2706 videtur.
515 2639 678 2718 Attamen,
707 2639 829 2705 utiam
852 2661 951 2728 supra
973 2662 1014 2706 ex
1037 2638 1181 2726 epistulis
1205 2638 1247 2704 ad

152 2739 198 2804 M.
215 2740 351 2806 Brutum
374 2740 528 2808 nonnulla
549 2740 668 2807 lucrari
688 2751 883 2828 poteramus,
905 2744 952 2809 sic
973 2743 1071 2809 etiam
1093 2740 1246 2808 derebus

152 2843 214 2909 hoc
235 2854 379 2933 tempore
400 2846 501 2930 gestis
524 2843 690 2911 Ciceronis
711 2844 868 2932 epistulae
890 2867 963 2911 cum
977 2847 1021 2912 M.
1036 2846 1137 2912 Bruto
1160 2867 1245 2912 com·

152 2957 298 3014 mutatae
319 2948 558 3036 deperditarum
578 2947 705 3014 illarum
727 2957 837 3036 partes
852 2949 1089 3036 quodammodo
1105 2948 1244 3038 explent.

153 3051 384 3136 Quamobrem,
406 3073 616 3141 quascunque
631 3051 672 3118 ad
688 3062 857 3139 sequentes
873 3051 981 3119 Cassii
996 3052 1150 3144 epistulas
1164 3053 1247 3119 bene

153 3154 373 3242 disponendas
403 3155 628 3222 adumbrantia
658 3177 730 3222 esse
756 3157 923 3239 videntur,
956 3179 998 3222 ex
1027 3157 1173 3245 epistulis
1204 3156 1245 3222 ad

153 3259 199 3324 M.
224 3259 315 3330 Brut.
338 3258 468 3327 haurire
493 3259 690 3326 conabimur.

240 3365 348 3451 Atque
379 3362 441 3428 huc
469 3363 598 3450 quidem
627 3363 789 3450 pertinent
816 3362 927 3450 primi,
956 3369 992 3426 ut
1013 3361 1112 3446 vulgo
1134 3361 1246 3427 inseri·

152 3466 255 3546 bitur,
290 3466 365 3532 libri
401 3465 573 3554 pleraeque
605 3466 774 3556 epistulae,
811 3465 851 3532 ds
883 3463 999 3552 quibus
1032 3485 1119 3529 nunc
1154 3462 1246 3529 brevi

153 3592 260 3656 agam.
285 3609 322 3618 -

239 3673 306 3762 Bp.
329 3673 378 3740 ad
393 3672 437 3739 M.
455 3671 565 3738 Brut.
584 3676 600 3739 l
610 3723 619 3757 ,
636 3676 672 3757 l,
686 3695 752 3761 qua
765 3672 803 3740 L.
822 3671 965 3755 Clodius,
979 3668 1127 3736 tribunus
1143 3668 1245 3759 plebis

154 3775 350 3863 designatus,
365 3777 409 3845 M.
424 3775 526 3844 Bruto
544 3776 795 3859 commendatur,
818 3775 897 3842 nihil
912 3774 1061 3856 continet,
1086 3772 1171 3860 quod
1186 3795 1245 3839 nos

155 3953 362 3962 ———.-

226 4054 254 4120 l)
273 4050 317 4106 De
336 4050 436 4122 epod
455 4051 491 4106 M.
510 4049 590 4105 Brut.
607 4051 634 4114 2,
651 4049 668 4104 3
686 4049 722 4104 cf.
738 4066 766 4120 p.
785 4049 897 4106 32-33.

223 4140 252 4204 2)
270 4138 307 4193 ct'.
325 4155 351 4209 p.
370 4138 483 4193 29-31.

221 4227 252 4296 3)
270 4224 623 4294 Drumann1,268-Blb.
657 4222 753 4292 Lange
771 4221 824 4288 ΙΙΙ,
843 4223 902 4276 529.

223 4313 251 4384 4)
268 4312 320 4385 Ep.
339 4312 376 4367 sd
394 4311 461 4369 fam.
483 4313 521 4379 12,
540 4314 556 4368 6
574 4317 640 4385 post
657 4325 698 4380 ep.
718 4308 755 4365 ad
773 4307 841 4365 fam.
860 4309 903 4379 12,
921 4309 937 4364 Ἰ
956 4306 1062 4379 scripta
1080 4311 1129 4362 est
