3140 4762
738 234 948 302 ..48-

381 402 451 488 Ep.
482 403 532 468 ad
561 403 607 472 M.
634 404 747 472 Brut.
778 407 812 488 1,
844 406 862 469 l
894 415 926 471 et
956 401 1010 494 ep.
1038 406 1087 471 ad
1109 405 1152 472 M.
1175 407 1287 475 Brut.
1314 413 1391 491 l‚8

296 513 461 592 tamquam
483 507 610 571 litterae
631 507 918 574 commendaticiae
943 531 1047 597 noque
1069 509 1111 573 ad
1133 509 1392 577 dissertationem

294 617 440 675 nostram
468 609 643 697 quidquam
670 601 797 696 valent,
830 633 934 700 neque
956 612 996 677 de
1018 621 1181 698 tempore,
1209 636 1273 702 quo
1296 615 1391 681 datae

297 713 371 796 sint,
395 715 576 778 accuratius
599 713 752 778 iudicium
774 715 897 780 institui
918 717 1116 803 permittunt.
1141 751 1179 766 —-

381 816 494 881 Restat
521 817 635 901 igitur,
661 826 696 882 ut
718 816 758 882 de
780 818 924 904 epistulis
947 821 976 900 1,
997 821 1143 906 9-13,¹)
1173 842 1257 907 quae
1280 843 1392 888 omnes

295 921 329 985 in
351 918 385 984 id
407 921 560 1007 temporis
583 920 722 1007 spatium
735 920 889 1004 incidunt,
913 945 975 1009 quo
990 922 1135 1009 Lepidus
1153 923 1257 1009 magis
1271 925 1391 1010 magis-

295 1043 358 1111 que
386 1021 599 1089 defectionem
628 1046 648 1089 a
676 1033 807 1090 senatus
841 1025 989 1113 partibus
1010 1026 1138 1092 molitus
1160 1049 1233 1092 cum
1254 1029 1297 1094 M.
1321 1030 1389 1094 An·

295 1128 382 1194 tonio
406 1148 476 1192 sese
497 1128 672 1209 coniunxit,
693 1149 800 1215 pauca
822 1127 950 1194 addam.
977 1171 1010 1180 -

380 1231 434 1294 Α(1
462 1221 577 1296 harum
605 1230 814 1318 epistularum
845 1233 959 1298 seriem
982 1235 1239 1299 constituendam
1263 1235 1391 1302 Veteris

295 1335 429 1400 Antistii
449 1334 512 1399 iter
534 1324 574 1399 ex
589 1333 781 1400 Macedonia
795 1334 931 1400 Romam
954 1346 1138 1424 susceptum
1153 1339 1391 1425 optatissimum

294 1437 513 1504 adiumentum
550 1436 643 1503 nobis
669 1436 811 1525 praebet.
867 1438 951 1504 Nam
984 1439 1077 1504 Bruti
1107 1441 1246 1526 epistula
1278 1444 1314 1524 1,
1351 1446 1387 1508 ll

296 1543 406 1624 Vetus,
436 1541 490 1627 qui
512 1541 633 1607 Romae
654 1551 842 1629 praeturam
863 1552 972 1628 petere
994 1542 1105 1625 voluit,
1131 1541 1280 1610 Ciceroni
1302 1565 1387 1610 com-

293 1645 480 1726 mandatum
519 1667 566 1730 ep.
598 1647 630 1725 1,
662 1645 702 1710 10
732 1653 904 1731 antequam
939 1646 1040 1711 Vetus
1068 1646 1204 1712 Romam
1233 1651 1386 1734 pervenit·

294 1749 416 1836 scripta
437 1770 507 1814 esse
525 1748 661 1830 videtur,
685 1748 760 1835 quia
775 1749 808 1813 in
824 1771 863 1814 aa
877 1750 1006 1814 omnino
1023 1771 1087 1815 non
1103 1762 1385 1835 commemoratum

294 1874 367 1918 cum
398 1851 513 1918 (licero
543 1849 714 1939 epistulam
744 1853 772 1931 1,
795 1851 825 1920 9.
857 1853 966 1932 daret,
998 1852 1101 1919 Vetus
1130 1854 1253 1920 Romae
1275 1856 1387 1922 aderat

292 1957 346 2043 (cf.
369 1952 401 2045 ξ.
423 1956 453 2023 3.
476 1963 582 2036 extr.);
614 1955 750 2041 epistula
778 1957 826 2021 12.
856 1966 964 2022 autem
986 1957 1097 2022 Veteri
1118 1958 1160 2024 ad
1183 1958 1227 2021 M.
1250 1958 1381 2024 Brutum

293 2059 435 2124 redituro
458 2059 536 2124 data
563 2058 616 2144 (of.
639 2055 674 2148 ξ.
700 2059 751 2144 1.),
773 2080 822 2145 ep.
847 2061 896 2126 13.
921 2083 941 2126 a
963 2060 1065 2125 Bruto
1088 2071 1163 2126 ante
1186 2061 1314 2128 Veteris
1333 2083 1377 2126 re

293 2164 394 2228 ditum
418 2172 513 2249 atque
536 2172 611 2227 ante
635 2161 806 2250 epistulam
832 2164 879 2230 12.
902 2174 1070 2251 acceptam
1092 2162 1166 2229 Kal.
1188 2164 1384 2246 Quintilibus

295 2266 415 2353 scripta
444 2275 500 2332 est.
552 2264 667 2351 Itaque
696 2265 905 2351 epistularum
937 2269 964 2348 l,
990 2267 1096 2331 9-13
1127 2267 1206 2332 ordo
1237 2267 1290 2333 hic
1320 2277 1387 2334 est:

294 2391 351 2456 ep.
375 2368 439 2446 113
462 2390 520 2454 ep.
545 2369 612 2445 1ος
636 2390 692 2454 ep.
715 2368 752 2448 93
776 2388 831 2453 ep.
856 2368 918 2451 123
942 2391 998 2456 ep.
1023 2371 1076 2436 13.

379 2469 450 2535 Iam
478 2468 518 2534 de
545 2478 704 2558 tempore,
730 2491 794 2556 quo
824 2469 971 2556 singulae
1000 2472 1157 2562 epistulae
1187 2471 1283 2536 datae
1314 2474 1387 2549 sint,

293 2574 466 2660 quaeritur.
498 2611 538 2622 -
567 2574 690 2660 Atque,
719 2595 792 2638 cum
815 2572 865 2637 de
888 2575 1088 2662 epistulis
1113 2578 1148 2656 1,
1171 2574 1190 2640 9
1213 2582 1254 2639 et
1277 2576 1314 2657 1,
1338 2578 1382 2640 ll

292 2677 373 2742 nihil
395 2677 474 2743 certi
492 2677 682 2762 investigari
696 2697 792 2763 posse
808 2676 967 2762 videatur,
989 2688 1126 2764 tempus,
1149 2700 1213 2764 quo
1228 2676 1386 2764 epistulae

294 2782 323 2862 1,
346 2783 386 2848 10
409 2791 440 2846 et
464 2783 491 2861 1,
515 2782 554 2848 12
579 2781 718 2868 scriptae
741 2780 815 2864 sint,
843 2783 922 2846 satis
945 2791 1095 2847 accurate
1117 2780 1304 2864 definietur„
1319 2782 1384 2868 epi-

293 2883 396 2949 stulae
419 2887 449 2967 1,
472 2886 512 2950 13
541 2894 650 2950 autem
679 2883 747 2948 dies
770 2883 951 2972 adscriptus
978 2895 1026 2951 est
1049 2883 1139 2964 „Kal
1162 2884 1385 2966 Quintilibus“.

378 2987 443 3075 Rp.
466 2986 516 3053 ad
530 2987 574 3052 M.
589 2988 704 3053 Brut.
730 2990 765 3066 1,
790 2988 837 3052 10
860 2989 982 3075 scripta
1005 2995 1062 3066 est,
1085 2994 1255 3075 postquam
1271 2987 1385 3052 Planci

291 3090 418 3157 litterae
439 3089 483 3154 ad
504 3090 579 3156 fam.
603 3091 652 3170 10,
667 3092 707 3156 21
732 3088 772 3154 da
793 3089 923 3157 labente
937 3091 1054 3177 Lepidi
1076 3091 1110 3155 in
1132 3113 1199 3155 rem
1220 3089 1383 3177 publicam

291 3194 444 3260 fidelitate
472 3194 607 3260 Romam
643 3201 874 3280 pervenerunt,
911 3216 1016 3281 nequa
1043 3204 1152 3258 tamen
1181 3195 1314 3260 nuntius
1344 3192 1385 3258 de

291 3296 417 3384 Lepido
439 3317 513 3362 eum
529 3297 571 3362 M.
587 3297 731 3362 Antonio
753 3305 864 3383 aperte
878 3299 1048 3363 coniuncto
1064 3297 1109 3362 ibi
1124 3302 1271 3382 cognitus
1286 3295 1385 3381 suits)

291 3402 363 3488 (cfr.
391 3423 440 3490 ep.
464 3400 506 3467 ad
527 3399 571 3466 M.
594 3400 685 3465 Brut.
708 3401 734 3481 1,
760 3401 807 3480 10,
830 3401 864 3467 2ε
897 3452 915 3482 ,,
938 3451 944 3465 .
968 3450 975 3464 .
1000 3452 1006 3464 .
1028 3401 1216 3487 perterritos
1237 3401 1384 3479 inermes,

293 3505 420 3570 saucios
442 3526 507 3570 non
529 3513 606 3569 sunt
626 3505 729 3569 nostri
752 3505 850 3568 duces
873 3505 1043 3590 persecuti,
1061 3504 1235 3590 datumque
1257 3502 1382 3589 Lepido

291 3615 418 3693 tempus
440 3616 498 3690 est,
524 3609 557 3672 in
579 3628 643 3693 quo
665 3606 828 3672 levitatem
852 3607 919 3672 aius
942 3627 1038 3693 saepe
1060 3615 1262 3695 perspectam
1285 3606 1383 3670 maio·

363 3811 390 3882 1)
407 3810 551 3883 Epistulas
579 3815 606 3878 1,
630 3812 735 3867 14-18
763 3827 819 3868 non
846 3811 930 3868 modo
958 3811 1114 3882 posteriore
1141 3817 1268 3883 tempore
1297 3827 1381 3883 quam

291 3897 429 3968 epistulae
448 3898 485 3954 ad
498 3899 627 3955 Cassium
645 3898 810 3966 superstites
823 3899 915 3964 datae,
934 3898 1080 3954 sedetiam
1093 3896 1286 3970 disquisitione
1299 3915 1380 3954 accu-

294 3984 398 4039 ratiore
416 3991 509 4058 egent,
528 4003 611 4057 quam
631 4001 703 4058 quae
721 3984 775 4038 hoc
793 3983 856 4039 loco
875 3984 985 4038 absolvi
1004 3984 1102 4055 possit.

358 4075 388 4144 2)
406 4071 554 4128 Drumann
573 4073 595 4142 1,
614 4071 765 4135 est-3553
787 4071 883 4141 Lange
902 4068 955 4138 III,
974 4073 1034 4138 539,
1053 4073 1114 4128 540.
1376 4142 1379 4148 Ι

360 4163 387 4231 3)
405 4160 450 4214 De
467 4159 577 4232 Lepido
595 4165 692 4228 aperte
710 4173 773 4211 cum
791 4157 827 4210 Μ.
846 4159 969 4212 Antonio
988 4157 1138 4214 coniuncto
1157 4159 1255 4213 Cicero
1274 4159 1302 4212 in
1321 4157 1378 4230 epl-

291 4247 366 4302 stuls
383 4248 409 4316 1,
429 4247 461 4302 12
478 4246 515 4301 ad
534 4247 571 4302 M.
589 4245 708 4301 Brutum
726 4244 811 4299 verba
829 4243 899 4299 lacit
918 4243 954 4298 ef.
972 4263 1000 4318 p.
1020 4247 1061 4301 50.
