3140 4762
763 245 976 311 ..34-

325 419 475 499 vicimus3
499 418 548 482 sin
575 455 608 464 -
634 417 721 503 quod
744 417 777 482 di
792 439 885 483 omen
902 421 1067 487 avertant!
1088 455 1129 468 -
1151 415 1256 481 omnis
1273 415 1423 481 omnium

324 543 435 586 cursus
466 530 514 586 est
544 520 586 584 ad
615 542 683 587 vos.
735 520 875 589 Proinde
905 521 958 587 fac
981 523 1122 588 animum
1145 528 1271 586 tantum
1293 517 1422 584 habeas

324 631 514 711 tantumque
534 624 736 711 adparatum,
760 635 879 714 quanto
903 647 984 713 opus
1006 636 1056 692 est
1079 625 1122 690 ad
1148 623 1332 688 universam
1348 643 1422 686 rem

322 727 484 816 publicam
513 727 788 816 recuperandam“
816 729 935 815 optimc
966 731 1169 816 respondent,
1195 747 1278 812 quae
1302 723 1422 790 Cicero

322 833 355 896 in
379 854 426 918 ep.
449 830 492 896 ad
506 831 551 900 M.
567 830 658 900 Brut.
673 832 703 915 2,
720 834 736 896 1
755 833 801 898 sic
817 833 992 920 expressit:
1015 831 1116 912 „Cum
1130 833 1212 896 haec
1227 828 1422 912 scribebam,

322 955 374 999 res
397 933 643 999 existimabatur
664 935 699 999 in
721 943 898 1026 extremum
921 936 1063 1001 adducta
1085 934 1284 1015 discrimem,
1307 933 1421 999 tristes

323 1039 408 1103 enim
431 1039 471 1103 dc
493 1039 595 1106 Bruto
624 1049 733 1106 nostro
763 1039 889 1105 litterae
918 1039 1085 1125 nuntiique
1108 1035 1326 1102 afferebantur
1349 1087 1357 1102 .
1381 1087 1388 1102 .
1413 1085 1420 1099 .

324 1173 331 1188 ·
360 1195 366 1206 .
389 1144 529 1207 maiores
553 1153 659 1208 autem
683 1153 792 1230 partes
813 1145 912 1209 animi
934 1153 965 1209 te
989 1141 1203 1227 Cassiumque
1223 1140 1421 1224 respiciunt:

322 1244 541 1328 Quamobrem
566 1248 666 1312 itate
688 1269 784 1336 para,
813 1247 930 1328 Brute,
960 1255 995 1312 ut
1015 1245 1183 1330 intellegas
1206 1251 1276 1324 aut,
1306 1243 1334 1306 si
1357 1243 1420 1308 hoc

321 1357 466 1438 tempore
495 1348 578 1415 bene
607 1371 658 1415 res
689 1361 781 1436 gesta
808 1350 867 1432 sit,
898 1349 956 1415 tibi
978 1349 1142 1416 meliorem
1165 1369 1231 1414 rem
1254 1345 1417 1432 publicam

323 1477 393 1520 esse
415 1453 606 1536 faciendam,
629 1463 693 1537 aut,
716 1455 743 1519 si
766 1453 842 1541 quid
865 1454 1020 1519 offensum
1043 1453 1093 1536 sit,
1115 1475 1173 1540 per
1194 1459 1226 1516 te
1250 1471 1320 1516 esse
1342 1472 1417 1516 ean·

322 1560 396 1642 dem
412 1557 693 1646 recuperandam.“
738 1557 835 1639 Quid,
850 1557 937 1644 quod
951 1579 992 1622 ne
1005 1557 1040 1621 iu
1055 1556 1116 1622 hac
1131 1554 1260 1644 quidem
1276 1555 1415 1641 epistula

296 1741 300 1747 .
322 1665 365 1728 ad
381 1672 455 1730 tam.
473 1664 557 1746 12,ss
581 1662 620 1728 de
634 1661 749 1727 Planci
770 1660 883 1726 litteris
905 1661 959 1746 (cf.
982 1681 1054 1746 pag.
1078 1661 1220 1747 31-32)
1242 1659 1414 1747 quidquam

321 1775 597 1834 commemoratur.
653 1755 885 1846 Quamobrem,
916 1785 988 1827 cum
1019 1785 1067 1852 ep.
1098 1763 1140 1828 ad
1162 1765 1206 1830 M.
1229 1763 1320 1830 Brut.
1342 1764 1409 1841 2,l

320 1873 406 1937 intra
428 1872 576 1958 spatium,
598 1868 685 1956 quod
707 1876 755 1932 est
776 1867 819 1932 ab
842 1891 870 1932 a.
893 1867 922 1932 d.
945 1866 1040 1933 XllI.
1056 1867 1128 1934 Kal.
1147 1867 1225 1956 Apr.
1247 1864 1410 1954 usquead

322 1999 349 2043 a.
373 1976 403 2041 d.
425 1974 499 2041 VII.
522 1973 571 2040 Id.
593 1974 672 2060 Apr.
702 1973 749 2039 ita
778 1973 1026 2054 inseruerimus‚
1052 1979 1088 2035 ut
1110 1973 1243 2058 propius
1266 1971 1305 2036 ad
1327 1993 1355 2036 a.
1377 1967 1405 2032 d.

321 2080 395 2145 VII.
412 2079 459 2146 ld.
475 2081 552 2166 Apr.
577 2077 829 2159 admoveremus,
852 2083 987 2165 tempus,
1011 2099 1074 2165 quo
1097 2098 1145 2164 ep.
1170 2075 1212 2140 ad
1231 2075 1306 2142 fam.
1329 2069 1405 2152 tuo

324 2185 444 2272 scripta
467 2184 517 2264 sit,
540 2181 659 2246 eisdem
682 2181 827 2247 terminis
850 2180 981 2246 definire
1003 2203 1067 2246 non
1090 2179 1210 2247 dubito,

490 2471 557 2556 up.
582 2471 635 2537 ad.
657 2472 744 2536 fam.
767 2472 822 2552 12,
844 2473 866 2539 7
876 2491 886 2536 ι
916 2473 1035 2540 Cicero
1055 2472 1177 2539 (luecio
1204 2472 1240 2537 S.

407 2594 513 2662 Schu
522 2616 540 2658 e
549 2595 636 2658 tniu
645 2615 660 2656 s
669 2618 675 2660 :
685 2592 894 2674 „Schomae
907 2602 1043 2659 exeunte
1054 2593 1217 2658 MarticA.
1227 2591 1267 2659 U.
1279 2589 1315 2657 (l.
1325 2591 1414 2656 710.“

407 2697 590 2764 Gruber:'
606 2696 737 2780 „habita
769 2699 913 2764 oratione
940 2697 1023 2767 Phil.
1053 2696 1114 2780 XI,
1145 2717 1195 2760 ex.
1229 2695 1324 2760 Mart.
1359 2701 1416 2758 aut

322 2806 365 2871 in.
380 2805 478 2892 Aprr‘
536 2789 540 2794 ’

406 2905 570 2971 Baiter:
600 2903 686 2985 „Soc
713 2904 834 2971 Romae
868 2916 1004 2972 exeunte
1033 2925 1143 2970 mense
1173 2903 1291 2969 Martio
1323 2925 1354 2991 a.¹
1383 2923 1414 2966 u.

321 3032 347 3075 c.
372 3010 461 3075 711.“

407 3110 753 3197 Wesenbergius:
777 3111 863 3192 „Sca
879 3112 1001 3179 Romae
1017 3119 1154 3177 exeunte
1170 3132 1280 3176 mense
1294 3109 1413 3175 Martio

321 3217 565 3284 aucssff

405 3321 457 3386 De
483 3318 579 3385 huius
609 3318 765 3405 epistulae
793 3327 936 3406 tempore
964 3318 1184 3406 quaestionem
1206 3316 1293 3383 nullo
1315 3315 1412 3380 modo
1487 3405 1491 3416 ι

202 3459 204 3464 ·
321 3417 553 3515 aquaesfrone,
569 3445 631 3510 quo
646 3433 790 3510 tempore
805 3424 976 3490 undecima
992 3423 1094 3490 oratic
1106 3422 1288 3510 Philippica
1299 3419 1411 3485 habita

320 3533 373 3610 sit,
404 3527 639 3614 segregandam
668 3549 738 3593 esse
771 3529 975 3614 cognoscitur
1004 3549 1046 3592 ex
1075 3525 1231 3614 epistulae
1261 3523 1410 3590 exordio:

319 3634 467 3718 „Quanto
491 3630 596 3698 studio
619 3631 809 3716 dignitatem
825 3642 914 3698 tuam
929 3632 1009 3697 etin
1024 3640 1139 3698 senatu
1154 3639 1186 3694 et
1201 3629 1243 3694 ad
1258 3627 1411 3716 populum

322 3737 529 3820 defenderim,
552 3757 593 3801 ex
614 3735 677 3799 tuis
698 3746 730 3801 te
752 3736 836 3803 malo
860 3758 957 3823 quam
980 3759 1020 3802 ex
1035 3758 1086 3801 mc
1101 3755 1305 3819 cognoscere,
1327 3753 1410 3819 quae

320 3865 392 3908 mea
414 3841 573 3906 sententia
595 3841 629 3904 in
651 3849 764 3905 senatu
787 3841 881 3907 facile
903 3841 1073 3923 valuisset,
1099 3839 1162 3904 nisi
1184 3837 1294 3924 Pansa
1316 3838 1410 3903 vehe-

320 3953 443 4013 menter
476 3943 683 4029 obstitisset“,
719 3967 801 4033 quae
837 3945 937 4011 verba
973 3946 1087 4011 Oicero
1124 3965 1197 4008 eam
1229 3943 1333 4028 ipsam
1367 3941 1408 4006 ob

319 4070 451 4116 causam
474 4048 617 4136 scripsit,
643 4059 691 4132 ut,
722 4071 818 4136 quam
841 4049 985 4115 beneda
1009 4048 1123 4114 Cassio
1147 4048 1316 4114 undecima
1339 4069 1409 4111 ora·

318 4154 405 4219 tione
433 4151 615 4240 Philippica
642 4155 774 4219 meritus
803 4163 901 4236 essct,
929 4154 976 4219 illi
1004 4152 1168 4220 indicaret.
1222 4151 1296 4216 Hac
1323 4151 1408 4216 enim

318 4257 461 4323 oratioue
484 4256 615 4341 Cicero,
644 4268 815 4346 postquam
845 4259 975 4326 nuntius
1003 4257 1043 4323 de
1065 4255 1227 4322 Trebonio
1250 4248 1409 4344 Smyrnae
