3140 4762
636 245 882 330 -21·-'

196 441 308 508 tiorem
338 439 461 506 faceret
491 446 587 525 atque
617 435 660 504 ad
689 435 849 522 agendum
884 435 1100 503 inflammaret
1106 483 1118 518 ,
1157 436 1291 524 scripsit

193 543 353 630 Pur-gavit
375 551 482 610 autem
497 539 668 610 Dolabella
689 539 795 607 forum
818 563 838 606 a
860 540 957 608 turba
978 539 1033 606 illa
1050 539 1093 606 ad
1108 561 1199 606 aram
1210 539 1291 607 Cae-

193 648 277 714 saris
305 645 421 714 cotidie
451 644 666 712 tumultuante
692 666 848 731 aramque
875 646 981 732 ipsam
1011 644 1127 713 evertit
1153 653 1320 712 exeunte¹

192 774 305 820 mense
327 749 442 838 Aprili,
473 771 546 816 eum
569 747 682 816 Oioero
704 747 861 814 Kalendis
883 748 1049 816 Maiis-ad
1070 748 1141 816 Att.
1166 748 1215 831 14,
1241 750 1291 834 15,
1395 781 1398 788 ’

193 857 214 924 2
244 855 423 942 scripserit:
453 851 501 934 „0
533 852 702 918 mirificum
730 849 935 917 Dolabellam
964 850 1086 918 mum!
1113 852 1178 916 iam
1206 852 1291 916 enim

196 957 267 1024 dieo
289 978 414 1038 meum3
445 966 557 1038 antea,
580 956 676 1021 erede
698 954 794 1037 mihi,
824 953 1082 1020 subdubitabam.
1134 955 1290 1039 Magnam
1420 1029 1425 1038 ,

195 1055 434 1146 ἀναθεώρησιν
462 1082 513 1126 res
535 1058 652 1126 habet:
683 1060 723 1126 de
755 1079 850 1134 saxo,
880 1059 915 1122 in
937 1079 1081 1142 erueem,
1109 1057 1292 1125 columnam

198 1166 321 1249 tollere,
342 1164 446 1230 lorum
467 1162 558 1230 illum
581 1163 788 1230 sternendum
810 1161 946 1228 loeare.“

281 1267 498 1350 Quamobrem
528 1289 577 1354 ep.
608 1266 652 1334 ad
679 1267 754 1334 fam
779 1267 870 1346 12‚1
900 1273 987 1330 certe
1009 1287 1075 1332 non
1096 1263 1196 1330 multo
1219 1275 1293 1352 post

196 1371 363 1440 Kalendas
384 1370 493 1436 Maias
525 1368 602 1436 data
629 1379 696 1455 ost,
724 1371 915 1458 praesertim
937 1391 1010 1435 oum
1032 1369 1067 1434 in
1089 1369 1227 1458 epistula
1249 1368 1293 1436 ad

194 1478 335 1543 Atticum
357 1473 455 1540 modo
478 1473 627 1559 laudata,
658 1475 766 1564 quoad
788 1475 857 1542 fieri
878 1474 995 1560 potuit,
1028 1469 1141 1540 eadem
1163 1474 1289 1541 ratione

192 1589 289 1666 atque
317 1579 353 1644 in
384 1577 539 1664 epistula,
569 1578 609 1643 de
635 1601 699 1667 qua
722 1581 842 1666 agitur,
873 1576 916 1644 ad
939 1575 1089 1646 Cassium
1112 1577 1291 1642 sententiae

190 1681 450 1772 progrediantur,
471 1682 525 1763 ita,
547 1689 583 1748 ut
604 1681 794 1750 Dolabellae
815 1679 944 1747 laudem
967 1679 1163 1748 uberrimam
1184 1681 1219 1746 in
1241 1687 1291 1746 ut·

190 1807 292 1872 raquo
322 1785 460 1872 epistula
489 1784 602 1850 eadem
632 1785 701 1852 fere
731 1785 770 1851 de
793 1784 981 1852 condicione
1003 1785 1050 1848 rei
1072 1782 1223 1870 publicae
1248 1781 1290 1847 ab

191 1889 386 1958 Antonianis
402 1886 624 1956 defendendae
640 1898 793 1976 sequatur
808 1889 1043 1955 commentatio.
1073 1885 1199 1972 Itaque,
1215 1907 1289 1950 oum

191 1997 225 2062 ia
257 1991 397 2080 epistula
423 1992 466 2057 ad
495 1991 767 2077 Aa14,17‚4:
795 2015 823 2058 a.
853 1992 882 2060 d.
905 1991 968 2058 IV.
993 1992 1130 2058 Nonas
1153 1989 1289 2054 Maias

192 2098 271 2162 data
297 2096 459 2180 legamus:
490 2096 551 2178 „ad
572 2095 711 2164 Brutum
738 2105 900 2179 nostrum,
932 2094 983 2160 ad
1006 2093 1213 2173 Cassium,
1247 2091 1290 2169 ad

194 2197 397 2264 Dolabellam
429 2199 585 2286 epistulas
617 2200 766 2288 scripsi:“
800 2199 933 2266 dubium
962 2219 1033 2264 esse
1063 2195 1192 2262 omnino
1224 2215 1289 2260 non

194 2310 348 2390 postera·
361 2304 438 2389 quin
466 2302 520 2370 illo
553 2302 623 2369 loeo
655 2325 702 2391 ep.
734 2304 777 2369 ad
803 2304 877 2370 fam.
903 2303 993 2386 12‚1
1026 2297 1208 2385 significata
1237 2300 1288 2366 sit.

195 2403 319 2486 Quibus
334 2404 496 2472 decausis
511 2407 682 2494 epistelam
705 2407 751 2472 ad
774 2407 861 2476 fam.
885 2408 966 2488 12‚1
991 2407 1102 2471 inter
1124 2403 1288 2469 Kalen·

191 2511 266 2576 das
297 2518 337 2574 et
370 2531 399 2575 a.
432 2508 462 2577 d.
495 2509 560 2580 IV.
590 2511 730 2579 Nonas
761 2511 893 2578 Maias
927 2518 1093 2576 exaratam
1126 2528 1197 2572 esse
1230 2527 1289 2593 pro

193 2621 281 2678 nerto
305 2612 418 2680 habeo.
508 2643 510 2650 ·

369 2767 437 2886 Dp.
460 2759 609 2868 mm
633 2800 687 2880 12,
710 2800 750 2867 22
776 2799 897 2868 cicero
923 2798 1045 2866 Carrio
1069 2798 1104 2864 S.

279 2921 553 2988 Sohuetaius:
576 2921 670 3001 „Son
686 2921 808 2988 Romae
830 2930 968 2988 exeunte
992 2918 1175 3012 Septembri
1190 2919 1230 2983 A.
1246 2916 1286 2984 U.

192 3025 227 3092 O·
251 3027 457 3196 7(liliabant
479 3139 572 3217 „post
593 3127 683 3194 XIV.
705 3125 779 3192 Kal.
803 3125 891 3194 Oet.“

278 3231 467 3317 Suepfle:
482 3233 567 3313 „Soa
581 3231 702 3300 Romae
714 3239 851 3298 exeunte
862 3229 1043 3317 Septembri
1055 3230 1095 3299 A.
1104 3230 1143 3295 U.
1153 3229 1191 3297 C.
1202 3229 1289 3296 709.“

278 3335 436 3401 Baiter:
460 3333 546 3416 „Sea
569 3335 692 3410 Romae
714 3343 851 3403 exeunte
873 3357 983 3402 mense
1001 3333 1182 3423 Septembri
1204 3355 1234 3400 a.
1257 3354 1287 3398 u.

192 3461 218 3504 c.
241 3439 552 3628 71lllrssonberg:
575 3543 662 3625 „Sea
681 3543 803 3608 Romae
826 3550 963 3608 exeunte
978 3563 1088 3607 mense
1105 3538 1288 3628 Septembri

193 3668 220 3710 a.
244 3647 417 3815 ugrum
437 3770 510 3813 oum
538 3747 621 3814 hane
651 3747 822 3838 epistulam
852 3757 947 3837 „post
975 3747 1066 3816 XIV.
1096 3747 1169 3814 Kal.
1201 3746 1290 3814 Oot.“

194 3855 347 3940 scriptam
381 3873 451 3918 esse
474 3849 659 3928 adnotaret,
689 3853 758 3918 sine
781 3851 877 3919 dubio
901 3853 1037 3918 Antonii
1059 3853 1237 3920 orationem
1260 3873 1289 3917 a.

164 3985 170 4001 ’
194 3959 225 4023 d.
247 3954 373 4040 Xlll.¹)
395 3953 467 4020 Kal.
492 3953 563 4021 Oet.
591 3955 626 4021 in
648 3955 837 4024 Ciceronem
867 3957 1014 4024 habitam
1036 3965 1202 4044 tamquam
1225 3964 1288 4020 ter-

194 4115 401 4126 ,-.-.----

264 4217 291 4286 1)
310 4213 347 4270 et.
371 4217 396 4284 ς.
415 4211 447 4266 1:
470 4210 613 4282 „Caedem
636 4213 709 4268 enim
733 4212 874 4286 gladiator
899 4213 1013 4286 quaerit
1039 4215 1155 4284 eiusque
1179 4211 1288 4267 initium

196 4321 221 4360 a
241 4304 267 4359 d.
286 4301 382 4359 XIII.
402 4299 549 4358 Kalend.
569 4297 714 4356 Oatobr.
733 4317 812 4358 ame
830 4318 861 4358 ee
879 4299 1022 4363 fauturum
1039 4300 1151 4374 putavit
1169 4302 1241 4355 ete.“
