3140 4762
788 309 998 372 ..38-

347 483 381 548 in
404 491 563 569 tempore,
586 503 648 569 quo
673 481 794 566 scripta
818 479 869 560 sit,
892 477 1072 544 definiendo
1095 477 1234 543 adiuvet.
1287 476 1445 542 Attamen

348 609 389 652 ex
404 593 557 674 sequente
579 583 717 672 epistula
732 584 870 649 fortasse
885 583 1144 649 terminationem
1158 581 1345 667 depromere
1360 580 1444 650 licet.

349 691 502 777 Sequenti
523 691 609 755 enim
631 687 786 775 epistulae
810 685 852 752 ad
874 685 918 750 M.
942 685 1032 751 Brut.
1058 689 1086 769 1,
1108 687 1128 751 2
1151 683 1246 768 „XIL
1262 685 1303 749 K.
1319 685 1446 750 Maiaa“

348 794 545 881 adscriptum
569 800 626 875 est,
648 793 704 879 qui
726 790 794 856 dies
817 811 889 854 cum
911 787 1008 854 rebus
1022 790 1056 853 in
1072 787 1210 877 epistula
1225 785 1281 852 illa
1295 787 1445 852 tractatis

348 908 414 962 tam
436 897 520 963 male
543 895 700 980 congruit,
722 903 820 960 utne
843 891 1034 958 coniecturis
1055 893 1184 979 quidem
1199 891 1318 976 corrigi
1332 893 1445 978 possit.

348 1002 432 1066 Nam
462 1024 503 1066 ex
530 997 657 1065 verbis:
690 997 751 1080 „Et
779 1005 872 1062 tuum
901 995 1071 1063 consilium
1099 995 1305 1062 vehementer
1334 994 1445 1080 laudo,

348 1105 434 1191 quod
449 1128 514 1171 non
535 1104 625 1191 prius
642 1101 816 1166 exercitum
830 1101 1005 1189 Apollonia
1018 1097 1289 1187 Dyrrhachioque
1303 1101 1444 1182 movisti,

348 1230 445 1295 quam
468 1209 509 1274 de
531 1206 666 1272 Antonii
688 1205 767 1290 fuga
790 1204 918 1286 audisti,
940 1204 1033 1269 Bruti
1055 1204 1232 1290 eruptione,
1254 1205 1364 1293 populi
1379 1203 1441 1270 lto

349 1312 437 1375 mani
460 1310 622 1376 victoria.“
645 1308 729 1374 hanc
751 1307 922 1396 epistulam
943 1316 1017 1395 post
1034 1306 1251 1372 Mutinensem
1271 1309 1441 1373 victoriam

348 1414 471 1480 Romae
494 1415 657 1499 cognitam
668 1414 693 1498 1)
718 1420 813 1478 etex
834 1412 957 1478 verbis:
980 1409 1049 1492 „De
1064 1410 1244 1495 Dolabella,
1267 1421 1303 1477 ut
1318 1412 1441 1492 scribis,

350 1517 477 1604 siquid
504 1516 604 1582 habes
628 1517 718 1596 novi,
752 1516 851 1581 facies
873 1538 925 1581 me
949 1516 1131 1597 certiorem,
1159 1516 1192 1579 in
1215 1537 1278 1602 quo
1302 1516 1440 1583 delector

347 1643 399 1686 me
430 1629 504 1686 ante
529 1621 724 1708 providisse,
755 1627 791 1682 ut
813 1628 904 1684 tuum
925 1617 1079 1684 iudicium
1101 1616 1239 1683 liberum
1261 1630 1347 1686 esset
1368 1643 1437 1685 cum

347 1721 518 1788 Dolabella
541 1721 615 1788 belli
637 1723 796 1808 gerendi.“
820 1743 891 1787 eam
913 1730 988 1808 post
1010 1720 1152 1786 eiusdem
1174 1721 1248 1788 libri
1271 1724 1435 1810 epistulam

348 1827 407 1906 5²)
432 1825 538 1892 datam
562 1849 633 1892 esse
656 1826 823 1912 colligitur.
868 1823 1086 1908 Quamobrem
1103 1826 1310 1891 Hermannus
1322 1830 1348 1915 ³)
1363 1849 1434 1892 sane

346 1928 556 2017 probabiliter
578 1932 689 1996 statuit
710 1930 795 1995 diem
817 1929 922 1994 illum:
945 1927 1037 2010 „Xll
1053 1928 1094 1995 K.
1108 1929 1231 1995 Maias“
1247 1953 1267 1995 a
1284 1930 1432 1996 Cicerone

347 2056 413 2099 non
436 2033 603 2114 secundae,
627 2033 683 2098 sed
704 2034 828 2122 primae
851 2033 946 2097 huius
969 2031 1041 2098 libri
1065 2033 1220 2119 epistulae
1243 2035 1427 2122 adscriptum

349 2159 368 2202 a
390 2136 531 2219 librario,
555 2139 609 2224 qui
632 2136 803 2224 epistulam
825 2137 853 2202 2.
876 2144 1008 2224 propter
1029 2135 1146 2201 verba:
1167 2136 1315 2225 „Scripta
1336 2137 1426 2204 etob-

348 2241 477 2325 signata
497 2242 563 2304 iam
586 2241 723 2328 epistula
744 2240 869 2305 litterae
889 2238 967 2302 mihi
982 2239 1127 2305 redditae
1143 2251 1299 2308 suntote
1315 2295 1321 2306 .
1340 2295 1346 2308 .
1362 2246 1432 2307 eto.u

352 2343 563 2431 appendicem
585 2345 709 2431 primae
732 2365 801 2408 esse
824 2343 994 2430 putaverit,
1018 2343 1058 2406 ad
1082 2342 1255 2409 secundam
1272 2346 1437 2433 epistulam

349 2454 480 2512 extrem.
495 2448 742 2534 transscriptum
758 2468 835 2514 esse.
866 2446 973 2528 Quam
988 2445 1168 2514 Hermanni
1187 2448 1440 2516 emendationem

348 2571 544 2637 quamquam
573 2572 640 2617 non
669 2551 797 2616 omnino
827 2549 1003 2638 perfectam
1034 2560 1130 2637 atque
1158 2548 1340 2618 absolutam
1362 2555 1441 2620 iudi-

348 2657 497 2734 caverim,
520 2654 672 2741 quoniam
694 2676 735 2719 ex
757 2652 895 2741 epistula
916 2652 960 2718 ad
981 2655 1026 2724 M.
1041 2655 1131 2722 Brut.
1150 2657 1210 2737 1,1
1234 2657 1306 2745 ipsa
1321 2658 1443 2723 nullum

349 2768 573 2844 argumentum
611 2758 701 2823 afferi
737 2766 857 2844 potest,
896 2765 1005 2824 tamen
1038 2770 1190 2848 proptera
1226 2761 1444 2846 recipiendam

351 2883 421 2926 esse
442 2870 536 2948 puto,
567 2862 670 2949 quod,
694 2861 853 2948 quomodo
875 2860 955 2925 illud
977 2884 1022 2942 „a
1045 2862 1074 2928 d.
1097 2862 1175 2932 XII.
1198 2865 1239 2932 K.
1263 2863 1388 2928 Maias“
1411 2866 1444 2929 in

349 2965 488 3051 epistula
512 2968 539 3047 1,
561 2967 581 3030 2
605 2973 684 3029 extr.
707 2973 819 3030 natum
843 2965 897 3046 sit,
926 2965 1018 3030 aliter
1041 2975 1137 3053 atque
1160 2967 1367 3033 Hermannus
1391 2970 1445 3034 de·

349 3077 529 3135 monstrare
553 3068 687 3154 ¹omnino
712 3089 844 3154 nequeo.
896 3066 1009 3156 Itaque
1031 3071 1200 3158 epistulam
1223 3071 1265 3137 ad
1287 3072 1330 3138 M.
1355 3072 1444 3138 Brut.

354 3179 382 3255 l,
407 3175 423 3236 1
448 3196 476 3238 a.
500 3172 529 3237 d.
553 3169 629 3234 XII.
652 3168 693 3235 K.
715 3171 829 3251 Maias,
852 3172 1007 3258 postridie
1030 3174 1098 3236 eius
1121 3174 1195 3258 diei,
1217 3196 1281 3262 quo
1304 3197 1355 3263 ep.
1376 3176 1443 3258 2‚7

351 3300 392 3340 ex
414 3275 533 3340 tradita
556 3277 714 3361 scriptura
736 3273 846 3355 „Xllh
863 3274 999 3342 Kalend.
1023 3275 1149 3342 Maias“
1170 3279 1248 3343 data
1270 3279 1319 3360 sit,
1342 3282 1442 3370 scrip-

351 3392 416 3444 tam
439 3401 510 3444 esse
533 3378 772 3446 constituamus.
796 3417 836 3426 -

436 3483 590 3546 Attamen
620 3519 659 3530 -
686 3481 871 3548 etiamnunc
893 3491 1026 3569 uterque
1048 3481 1116 3548 dies
1139 3485 1338 3550 correctione
1359 3495 1442 3570 eget.

252 3595 256 3602 '
353 3586 487 3672 Legitur
516 3586 600 3650 enim
627 3585 661 3648 in
690 3607 740 3673 ep.
770 3585 812 3650 ad
841 3587 884 3653 M.
906 3586 995 3652 Brut.
1027 3589 1055 3669 1,
1077 3589 1107 3668 3,
1129 3589 1165 3653 2:
1194 3588 1338 3670 „Triduo
1364 3613 1442 3656 vero

351 3697 407 3754 aut
429 3688 599 3775 quatriduo
623 3696 698 3753 ante
720 3687 804 3754 hanc
827 3711 895 3755 rem
910 3688 1158 3776 pulcherrimam
1174 3691 1287 3758 timore
1303 3694 1443 3780 quodam

352 3793 500 3880 perculsa
527 3794 642 3858 civitas
672 3800 739 3858 tota
768 3790 811 3858 ad
837 3802 869 3858 te
900 3814 934 3857 se
963 3812 1035 3857 cum
1064 3793 1255 3880 coniugibus
1279 3805 1310 3861 et
1332 3797 1441 3863 liberis

422 4066 450 4136 1)
468 4082 493 4121 a.
513 4065 539 4120 d.
558 4064 608 4120 Vl.
626 4065 698 4122 Non.
718 4067 807 4121 Maias
825 4066 861 4122 cf.
879 4083 906 4137 p.
920 4067 963 4120 44.

420 4151 608 4224 DMpffi

421 4240 448 4306 3)
466 4238 624 4293 Hermann:
646 4238 721 4310 „Zur
744 4238 982 4312 Rechtfortigung
1003 4244 1074 4298 etc.“
1100 4240 1173 4300 Abh.
1196 4243 1223 4302 d.
1247 4243 1324 4301 tht.
1349 4246 1384 4303 G.
1407 4247 1434 4300 d.

355 4323 619 4396 Wfflmffl
