<?xml version="1.0" encoding="UTF-8"?>
<!DOCTYPE html PUBLIC "-//W3C//DTD XHTML 1.0 Transitional//EN"
    "http://www.w3.org/TR/xhtml1/DTD/xhtml1-transitional.dtd">
<html xmlns="http://www.w3.org/1999/xhtml" xml:lang="en" lang="en">
 <head>
  <title>
</title>
<meta http-equiv="Content-Type" content="text/html;charset=utf-8" />
  <meta name='ocr-system' content='tesseract 3.04.00' />
  <meta name='ocr-capabilities' content='ocr_page ocr_carea ocr_par ocr_line ocrx_word'/>
</head>
<body>
  <div class='ocr_page' id='page_1' title='image "./deepistulisetac00schmgoog_0058.png"; bbox 0 0 3140 4762; ppageno 0'>
   <div class='ocr_carea' id='block_1_1' title="bbox 658 267 871 332">
    <p class='ocr_par' dir='ltr' id='par_1_1' title="bbox 658 219 871 332">
     <span class='ocr_line' id='line_1_1' title="bbox 658 267 871 332; baseline 0 -16"><span class='ocrx_word' id='word_1_1' title='bbox 658 267 871 332; x_wconf 59' lang='lat'>„49-</span> 
     </span>
    </p>
   </div>
   <div class='ocr_carea' id='block_1_2' title="bbox 206 435 1372 3402">
    <p class='ocr_par' dir='ltr' id='par_1_2' title="bbox 214 435 1316 1767">
     <span class='ocr_line' id='line_1_2' title="bbox 216 435 1315 526; baseline 0.004 -22"><span class='ocrx_word' id='word_1_2' title='bbox 216 440 306 505; x_wconf 89' lang='lat' dir='ltr'>ribus</span> <span class='ocrx_word' id='word_1_3' title='bbox 327 439 363 503; x_wconf 91' lang='lat' dir='ltr'>in</span> <span class='ocrx_word' id='word_1_4' title='bbox 383 437 478 504; x_wconf 90' lang='lat' dir='ltr'>malis</span> <span class='ocrx_word' id='word_1_5' title='bbox 500 438 761 526; x_wconf 86' lang='lat' dir='ltr'>experiremur.“)</span> <span class='ocrx_word' id='word_1_6' title='bbox 803 435 987 525; x_wconf 79' lang='lat' dir='ltr'><strong>Epistulam</strong></span> <span class='ocrx_word' id='word_1_7' title='bbox 1003 435 1044 500; x_wconf 87' lang='lat' dir='ltr'>ad</span> <span class='ocrx_word' id='word_1_8' title='bbox 1060 435 1103 506; x_wconf 83' lang='lat' dir='ltr'>M.</span> <span class='ocrx_word' id='word_1_9' title='bbox 1120 439 1209 506; x_wconf 82' lang='lat' dir='ltr'><strong>Brut.</strong></span> <span class='ocrx_word' id='word_1_10' title='bbox 1228 444 1255 524; x_wconf 91' lang='lat'>1,</span> <span class='ocrx_word' id='word_1_11' title='bbox 1275 443 1315 508; x_wconf 94' lang='grc'>10</span> 
     </span>
     <span class='ocr_line' id='line_1_3' title="bbox 216 539 1314 630; baseline 0 -21"><span class='ocrx_word' id='word_1_12' title='bbox 216 552 290 630; x_wconf 91' lang='lat' dir='ltr'>post</span> <span class='ocrx_word' id='word_1_13' title='bbox 311 543 425 607; x_wconf 82' lang='lat' dir='ltr'>Planci</span> <span class='ocrx_word' id='word_1_14' title='bbox 454 541 626 629; x_wconf 80' lang='lat' dir='ltr'><strong>epistulam</strong></span> <span class='ocrx_word' id='word_1_15' title='bbox 657 541 700 606; x_wconf 89' lang='lat' dir='ltr'>ad</span> <span class='ocrx_word' id='word_1_16' title='bbox 729 541 807 610; x_wconf 81' lang='lat' dir='ltr'>lam.</span> <span class='ocrx_word' id='word_1_17' title='bbox 836 541 886 622; x_wconf 92' lang='lat'>10,</span> <span class='ocrx_word' id='word_1_18' title='bbox 908 541 948 606; x_wconf 83' lang='lat'>21</span> <span class='ocrx_word' id='word_1_19' title='bbox 973 539 1123 606; x_wconf 75' lang='lat' dir='ltr'>Ciceroni</span> <span class='ocrx_word' id='word_1_20' title='bbox 1151 543 1314 609; x_wconf 82' lang='lat' dir='ltr'>redditam</span> 
     </span>
     <span class='ocr_line' id='line_1_4' title="bbox 216 643 1314 736; baseline 0.002 -24"><span class='ocrx_word' id='word_1_21' title='bbox 216 648 369 732; x_wconf 78' lang='lat' dir='ltr'>scriptam</span> <span class='ocrx_word' id='word_1_22' title='bbox 392 667 464 711; x_wconf 87' lang='lat' dir='ltr'>esse</span> <span class='ocrx_word' id='word_1_23' title='bbox 485 654 654 732; x_wconf 89' lang='lat' dir='ltr'>praeterea</span> <span class='ocrx_word' id='word_1_24' title='bbox 670 667 707 710; x_wconf 90' lang='lat' dir='ltr'>eo</span> <span class='ocrx_word' id='word_1_25' title='bbox 723 645 961 731; x_wconf 88' lang='lat' dir='ltr'>comprobatur,</span> <span class='ocrx_word' id='word_1_26' title='bbox 984 644 1071 731; x_wconf 90' lang='lat' dir='ltr'>quod</span> <span class='ocrx_word' id='word_1_27' title='bbox 1085 645 1227 712; x_wconf 84' lang='lat' dir='ltr'>Plancus</span> <span class='ocrx_word' id='word_1_28' title='bbox 1243 643 1278 736; x_wconf 64' lang='grc' dir='ltr'>ξ.</span> <span class='ocrx_word' id='word_1_29' title='bbox 1294 649 1314 714; x_wconf 86' lang='grc'><strong>6</strong></span> 
     </span>
     <span class='ocr_line' id='line_1_5' title="bbox 214 747 1315 838; baseline 0.002 -24"><span class='ocrx_word' id='word_1_30' title='bbox 214 759 347 838; x_wconf 83' lang='lat' dir='ltr'>propter</span> <span class='ocrx_word' id='word_1_31' title='bbox 368 748 485 836; x_wconf 82' lang='lat' dir='ltr'>Lepidi</span> <span class='ocrx_word' id='word_1_32' title='bbox 518 747 688 836; x_wconf 87' lang='lat' dir='ltr'>perfidiam</span> <span class='ocrx_word' id='word_1_33' title='bbox 719 748 759 814; x_wconf 88' lang='lat' dir='ltr'>de</span> <span class='ocrx_word' id='word_1_34' title='bbox 788 771 822 812; x_wconf 88' lang='lat' dir='ltr'>se</span> <span class='ocrx_word' id='word_1_35' title='bbox 851 747 922 836; x_wconf 91' lang='lat' dir='ltr'>ipso</span> <span class='ocrx_word' id='word_1_36' title='bbox 945 756 1042 835; x_wconf 89' lang='lat' dir='ltr'>atque</span> <span class='ocrx_word' id='word_1_37' title='bbox 1065 748 1162 815; x_wconf 88' lang='lat' dir='ltr'>dere</span> <span class='ocrx_word' id='word_1_38' title='bbox 1184 751 1315 837; x_wconf 85' lang='lat' dir='ltr'>publiea</span> 
     </span>
     <span class='ocr_line' id='line_1_6' title="bbox 215 851 1316 940; baseline 0.002 -24"><span class='ocrx_word' id='word_1_39' title='bbox 215 851 368 916; x_wconf 89' lang='lat' dir='ltr'>sollicitus</span> <span class='ocrx_word' id='word_1_40' title='bbox 399 852 441 936; x_wconf 89' lang='lat' dir='ltr'>ad</span> <span class='ocrx_word' id='word_1_41' title='bbox 472 851 661 919; x_wconf 80' lang='lat' dir='ltr'>Ciceronem</span> <span class='ocrx_word' id='word_1_42' title='bbox 696 852 826 918; x_wconf 79' lang='lat' dir='ltr'>scribit:</span> <span class='ocrx_word' id='word_1_43' title='bbox 859 851 953 934; x_wconf 80' lang='lat' dir='ltr'>„Qua</span> <span class='ocrx_word' id='word_1_44' title='bbox 982 875 1017 916; x_wconf 92' lang='lat' dir='ltr'>re</span> <span class='ocrx_word' id='word_1_45' title='bbox 1050 851 1161 919; x_wconf 90' lang='lat' dir='ltr'>hortor</span> <span class='ocrx_word' id='word_1_46' title='bbox 1191 864 1241 940; x_wconf 89' lang='lat' dir='ltr'>te,</span> <span class='ocrx_word' id='word_1_47' title='bbox 1271 855 1316 919; x_wconf 92' lang='lat' dir='ltr'>mi</span> 
     </span>
     <span class='ocr_line' id='line_1_7' title="bbox 215 952 1315 1045; baseline 0.003 -26"><span class='ocrx_word' id='word_1_48' title='bbox 215 952 340 1038; x_wconf 78' lang='lat' dir='ltr'>Cicero,</span> <span class='ocrx_word' id='word_1_49' title='bbox 357 957 592 1022; x_wconf 85' lang='lat' dir='ltr'>exereitum</span> <span class='ocrx_word' id='word_1_50' title='bbox 614 956 991 1020; x_wconf 89' lang='lat' dir='ltr'>huctraiciendum</span> <span class='ocrx_word' id='word_1_51' title='bbox 1007 959 1315 1045; x_wconf 89' lang='lat' dir='ltr'>quamprimum</span> 
     </span>
     <span class='ocr_line' id='line_1_8' title="bbox 217 1058 1313 1146; baseline 0.005 -25"><span class='ocrx_word' id='word_1_52' title='bbox 217 1079 337 1122; x_wconf 87' lang='lat' dir='ltr'>eures</span> <span class='ocrx_word' id='word_1_53' title='bbox 361 1067 401 1122; x_wconf 91' lang='lat' dir='ltr'>et</span> <span class='ocrx_word' id='word_1_54' title='bbox 421 1068 606 1124; x_wconf 88' lang='lat' dir='ltr'>matures</span> <span class='ocrx_word' id='word_1_55' title='bbox 628 1061 767 1145; x_wconf 89' lang='lat' dir='ltr'>prius,</span> <span class='ocrx_word' id='word_1_56' title='bbox 798 1077 916 1144; x_wconf 89' lang='lat' dir='ltr'>quam</span> <span class='ocrx_word' id='word_1_57' title='bbox 942 1058 1052 1125; x_wconf 88' lang='lat' dir='ltr'>hostes</span> <span class='ocrx_word' id='word_1_58' title='bbox 1074 1061 1179 1146; x_wconf 85' lang='lat' dir='ltr'>magis</span> <span class='ocrx_word' id='word_1_59' title='bbox 1202 1081 1313 1127; x_wconf 84' lang='lat' dir='ltr'>conro-</span> 
     </span>
     <span class='ocr_line' id='line_1_9' title="bbox 216 1160 1315 1252; baseline 0.002 -26"><span class='ocrx_word' id='word_1_60' title='bbox 216 1160 387 1227; x_wconf 69' lang='lat' dir='ltr'>borentur‘</span> <span class='ocrx_word' id='word_1_61' title='bbox 411 1171 469 1228; x_wconf 87' lang='lat' dir='ltr'>etc.</span> <span class='ocrx_word' id='word_1_62' title='bbox 493 1163 534 1227; x_wconf 89' lang='lat' dir='ltr'>ad</span> <span class='ocrx_word' id='word_1_63' title='bbox 559 1184 642 1249; x_wconf 87' lang='lat' dir='ltr'>quae</span> <span class='ocrx_word' id='word_1_64' title='bbox 664 1161 767 1228; x_wconf 90' lang='lat' dir='ltr'>verba</span> <span class='ocrx_word' id='word_1_65' title='bbox 782 1161 897 1228; x_wconf 74' lang='lat' dir='ltr'>Cicero</span> <span class='ocrx_word' id='word_1_66' title='bbox 919 1162 1096 1249; x_wconf 77' lang='lat' dir='ltr'>respiciens</span> <span class='ocrx_word' id='word_1_67' title='bbox 1120 1165 1154 1226; x_wconf 91' lang='lat' dir='ltr'>in</span> <span class='ocrx_word' id='word_1_68' title='bbox 1177 1163 1315 1252; x_wconf 87' lang='lat' dir='ltr'>epistula</span> 
     </span>
     <span class='ocr_line' id='line_1_10' title="bbox 216 1263 1305 1352; baseline 0.002 -22"><span class='ocrx_word' id='word_1_69' title='bbox 216 1266 259 1330; x_wconf 91' lang='lat' dir='ltr'>ad</span> <span class='ocrx_word' id='word_1_70' title='bbox 281 1265 325 1332; x_wconf 82' lang='lat' dir='ltr'>M.</span> <span class='ocrx_word' id='word_1_71' title='bbox 348 1266 438 1332; x_wconf 86' lang='lat' dir='ltr'>Brut.</span> <span class='ocrx_word' id='word_1_72' title='bbox 463 1268 490 1348; x_wconf 91' lang='lat'>1,</span> <span class='ocrx_word' id='word_1_73' title='bbox 516 1266 565 1349; x_wconf 94' lang='grc'>10,</span> <span class='ocrx_word' id='word_1_74' title='bbox 590 1269 624 1331; x_wconf 91' lang='lat' dir='ltr'>l:</span> <span class='ocrx_word' id='word_1_75' title='bbox 655 1265 769 1348; x_wconf 86' lang='lat' dir='ltr'>„Nulla</span> <span class='ocrx_word' id='word_1_76' title='bbox 790 1263 914 1331; x_wconf 89' lang='lat' dir='ltr'>adhuc“</span> <span class='ocrx_word' id='word_1_77' title='bbox 937 1267 1042 1352; x_wconf 91' lang='lat' dir='ltr'>inquit</span> <span class='ocrx_word' id='word_1_78' title='bbox 1066 1287 1106 1347; x_wconf 89' lang='lat' dir='ltr'>„a</span> <span class='ocrx_word' id='word_1_79' title='bbox 1127 1274 1159 1330; x_wconf 87' lang='lat' dir='ltr'>te</span> <span class='ocrx_word' id='word_1_80' title='bbox 1180 1266 1305 1332; x_wconf 86' lang='lat' dir='ltr'>litteras</span> 
     </span>
     <span class='ocr_line' id='line_1_11' title="bbox 216 1368 1308 1457; baseline 0.001 -24"><span class='ocrx_word' id='word_1_81' title='bbox 216 1368 426 1453; x_wconf 85' lang='lat' dir='ltr'>habebamus,</span> <span class='ocrx_word' id='word_1_82' title='bbox 448 1391 489 1434; x_wconf 92' lang='lat' dir='ltr'>ne</span> <span class='ocrx_word' id='word_1_83' title='bbox 511 1369 632 1434; x_wconf 86' lang='lat' dir='ltr'>famam</span> <span class='ocrx_word' id='word_1_84' title='bbox 654 1371 792 1457; x_wconf 91' lang='lat' dir='ltr'>quidem,</span> <span class='ocrx_word' id='word_1_85' title='bbox 816 1391 899 1457; x_wconf 88' lang='lat' dir='ltr'>quae</span> <span class='ocrx_word' id='word_1_86' title='bbox 921 1368 1101 1434; x_wconf 89' lang='lat' dir='ltr'>declararet</span> <span class='ocrx_word' id='word_1_87' title='bbox 1122 1377 1154 1434; x_wconf 91' lang='lat' dir='ltr'>te</span> <span class='ocrx_word' id='word_1_88' title='bbox 1178 1372 1308 1456; x_wconf 84' lang='lat' dir='ltr'>cognita</span> 
     </span>
     <span class='ocr_line' id='line_1_12' title="bbox 218 1472 1311 1540; baseline -0.001 0"><span class='ocrx_word' id='word_1_89' title='bbox 218 1485 350 1540; x_wconf 86' lang='lat' dir='ltr'>senatus</span> <span class='ocrx_word' id='word_1_90' title='bbox 367 1473 557 1538; x_wconf 87' lang='lat' dir='ltr'>auctoritate</span> <span class='ocrx_word' id='word_1_91' title='bbox 579 1473 809 1539; x_wconf 87' lang='lat' dir='ltr'>inItaliam</span> <span class='ocrx_word' id='word_1_92' title='bbox 834 1472 1046 1538; x_wconf 84' lang='lat' dir='ltr'>adducere</span> <span class='ocrx_word' id='word_1_93' title='bbox 1063 1475 1311 1538; x_wconf 88' lang='lat' dir='ltr'>exercitum</span> 
     </span>
     <span class='ocr_line' id='line_1_13' title="bbox 217 1575 1316 1665; baseline -0.002 -23"><span class='ocrx_word' id='word_1_94' title='bbox 217 1578 324 1665; x_wconf 88' lang='lat' dir='ltr'>quod</span> <span class='ocrx_word' id='word_1_95' title='bbox 347 1586 390 1640; x_wconf 90' lang='lat' dir='ltr'>ut</span> <span class='ocrx_word' id='word_1_96' title='bbox 412 1575 578 1642; x_wconf 84' lang='lat' dir='ltr'>faceres</span> <span class='ocrx_word' id='word_1_97' title='bbox 600 1576 722 1663; x_wconf 91' lang='lat' dir='ltr'>idque</span> <span class='ocrx_word' id='word_1_98' title='bbox 745 1587 998 1660; x_wconf 90' lang='lat' dir='ltr'>maturares,</span> <span class='ocrx_word' id='word_1_99' title='bbox 1020 1598 1167 1661; x_wconf 89' lang='lat' dir='ltr'>magno</span> <span class='ocrx_word' id='word_1_100' title='bbox 1191 1598 1316 1662; x_wconf 91' lang='lat' dir='ltr'>opere</span> 
     </span>
     <span class='ocr_line' id='line_1_14' title="bbox 217 1679 808 1767; baseline -0.002 -22"><span class='ocrx_word' id='word_1_101' title='bbox 217 1679 503 1745; x_wconf 82' lang='lat' dir='ltr'>desiderabat</span> <span class='ocrx_word' id='word_1_102' title='bbox 524 1701 589 1743; x_wconf 92' lang='lat' dir='ltr'>res</span> <span class='ocrx_word' id='word_1_103' title='bbox 612 1679 808 1767; x_wconf 88' lang='lat' dir='ltr'>publica.“</span> 
     </span>
    </p>

    <p class='ocr_par' dir='ltr' id='par_1_3' title="bbox 206 1780 1372 3402">
     <span class='ocr_line' id='line_1_15' title="bbox 304 1780 1315 1871; baseline -0.003 -22"><span class='ocrx_word' id='word_1_104' title='bbox 304 1783 387 1849; x_wconf 82' lang='lat' dir='ltr'>Cum</span> <span class='ocrx_word' id='word_1_105' title='bbox 413 1806 490 1849; x_wconf 88' lang='lat' dir='ltr'>vero</span> <span class='ocrx_word' id='word_1_106' title='bbox 514 1783 628 1848; x_wconf 86' lang='lat' dir='ltr'>Planci</span> <span class='ocrx_word' id='word_1_107' title='bbox 658 1806 706 1871; x_wconf 91' lang='lat' dir='ltr'>ep.</span> <span class='ocrx_word' id='word_1_108' title='bbox 735 1783 778 1848; x_wconf 91' lang='lat' dir='ltr'>ad</span> <span class='ocrx_word' id='word_1_109' title='bbox 808 1783 883 1850; x_wconf 88' lang='lat' dir='ltr'>fam.</span> <span class='ocrx_word' id='word_1_110' title='bbox 911 1782 961 1863; x_wconf 88' lang='lat'>10,</span> <span class='ocrx_word' id='word_1_111' title='bbox 984 1782 1034 1860; x_wconf 80' lang='lat'>21,</span> <span class='ocrx_word' id='word_1_112' title='bbox 1065 1803 1093 1845; x_wconf 90' lang='lat' dir='ltr'>a.</span> <span class='ocrx_word' id='word_1_113' title='bbox 1123 1780 1153 1846; x_wconf 85' lang='lat' dir='ltr'>d.</span> <span class='ocrx_word' id='word_1_114' title='bbox 1176 1782 1220 1846; x_wconf 90' lang='lat' dir='ltr'>X.</span> <span class='ocrx_word' id='word_1_115' title='bbox 1242 1781 1315 1846; x_wconf 88' lang='lat' dir='ltr'>Kal.</span> 
     </span>
     <span class='ocr_line' id='line_1_16' title="bbox 215 1883 1316 1970; baseline -0.005 -17"><span class='ocrx_word' id='word_1_116' title='bbox 215 1888 289 1954; x_wconf 80' lang='lat' dir='ltr'>Iun.</span> <span class='ocrx_word' id='word_1_117' title='bbox 314 1887 391 1952; x_wconf 89' lang='lat' dir='ltr'>data</span> <span class='ocrx_word' id='word_1_118' title='bbox 414 1889 486 1952; x_wconf 88' lang='lat' dir='ltr'>cire.</span> <span class='ocrx_word' id='word_1_119' title='bbox 510 1907 538 1953; x_wconf 91' lang='lat' dir='ltr'>a.</span> <span class='ocrx_word' id='word_1_120' title='bbox 561 1885 590 1953; x_wconf 89' lang='lat' dir='ltr'>d.</span> <span class='ocrx_word' id='word_1_121' title='bbox 613 1885 789 1965; x_wconf 82' lang='lat' dir='ltr'>V11.1)1d.</span> <span class='ocrx_word' id='word_1_122' title='bbox 812 1887 887 1951; x_wconf 84' lang='lat' dir='ltr'>Jun.</span> <span class='ocrx_word' id='word_1_123' title='bbox 901 1885 1037 1951; x_wconf 85' lang='lat' dir='ltr'>Romam</span> <span class='ocrx_word' id='word_1_124' title='bbox 1060 1884 1177 1966; x_wconf 87' lang='lat' dir='ltr'>delata,</span> <span class='ocrx_word' id='word_1_125' title='bbox 1199 1883 1316 1970; x_wconf 90' lang='lat' dir='ltr'>Lepidi</span> 
     </span>
     <span class='ocr_line' id='line_1_17' title="bbox 216 1987 1316 2074; baseline -0.006 -15"><span class='ocrx_word' id='word_1_126' title='bbox 216 2003 324 2059; x_wconf 90' lang='lat' dir='ltr'>autem</span> <span class='ocrx_word' id='word_1_127' title='bbox 346 2013 420 2055; x_wconf 88' lang='lat' dir='ltr'>eum</span> <span class='ocrx_word' id='word_1_128' title='bbox 443 1989 485 2054; x_wconf 91' lang='lat' dir='ltr'>M.</span> <span class='ocrx_word' id='word_1_129' title='bbox 508 1990 648 2054; x_wconf 83' lang='lat' dir='ltr'>Antonio</span> <span class='ocrx_word' id='word_1_130' title='bbox 673 1990 809 2054; x_wconf 89' lang='lat' dir='ltr'>societas</span> <span class='ocrx_word' id='word_1_131' title='bbox 833 2010 861 2053; x_wconf 92' lang='lat' dir='ltr'>a.</span> <span class='ocrx_word' id='word_1_132' title='bbox 885 1988 914 2053; x_wconf 91' lang='lat' dir='ltr'>d.</span> <span class='ocrx_word' id='word_1_133' title='bbox 937 1988 994 2053; x_wconf 88' lang='lat' dir='ltr'>IV.</span> <span class='ocrx_word' id='word_1_134' title='bbox 1017 1987 1091 2053; x_wconf 88' lang='lat' dir='ltr'>Kal.</span> <span class='ocrx_word' id='word_1_135' title='bbox 1105 1987 1180 2053; x_wconf 90' lang='lat' dir='ltr'>Jun.</span> <span class='ocrx_word' id='word_1_136' title='bbox 1205 1997 1316 2074; x_wconf 85' lang='lat' dir='ltr'>aperta</span> 
     </span>
     <span class='ocr_line' id='line_1_18' title="bbox 215 2090 1316 2181; baseline -0.004 -24"><span class='ocrx_word' id='word_1_137' title='bbox 215 2096 297 2159; x_wconf 91' lang='lat' dir='ltr'>inita</span> <span class='ocrx_word' id='word_1_138' title='bbox 319 2097 392 2160; x_wconf 87' lang='lat' dir='ltr'>circ.</span> <span class='ocrx_word' id='word_1_139' title='bbox 415 2092 463 2158; x_wconf 91' lang='lat' dir='ltr'>Id.</span> <span class='ocrx_word' id='word_1_140' title='bbox 478 2093 584 2181; x_wconf 78' lang='lat' dir='ltr'>Jun.²)</span> <span class='ocrx_word' id='word_1_141' title='bbox 599 2093 734 2158; x_wconf 88' lang='lat' dir='ltr'>Romam</span> <span class='ocrx_word' id='word_1_142' title='bbox 756 2093 906 2158; x_wconf 87' lang='lat' dir='ltr'>nuntiata</span> <span class='ocrx_word' id='word_1_143' title='bbox 927 2113 999 2157; x_wconf 84' lang='lat' dir='ltr'>esse</span> <span class='ocrx_word' id='word_1_144' title='bbox 1022 2091 1179 2172; x_wconf 88' lang='lat' dir='ltr'>videatur,</span> <span class='ocrx_word' id='word_1_145' title='bbox 1201 2113 1249 2176; x_wconf 92' lang='lat' dir='ltr'>ep.</span> <span class='ocrx_word' id='word_1_146' title='bbox 1273 2090 1316 2154; x_wconf 91' lang='lat' dir='ltr'>ad</span> 
     </span>
     <span class='ocr_line' id='line_1_19' title="bbox 216 2194 1317 2280; baseline -0.002 -20"><span class='ocrx_word' id='word_1_147' title='bbox 216 2197 260 2264; x_wconf 90' lang='lat' dir='ltr'>M.</span> <span class='ocrx_word' id='word_1_148' title='bbox 282 2196 372 2263; x_wconf 91' lang='lat' dir='ltr'>Brut.</span> <span class='ocrx_word' id='word_1_149' title='bbox 390 2200 419 2280; x_wconf 91' lang='lat'>1,</span> <span class='ocrx_word' id='word_1_150' title='bbox 437 2199 477 2263; x_wconf 91' lang='lat'>10</span> <span class='ocrx_word' id='word_1_151' title='bbox 498 2198 613 2261; x_wconf 88' lang='lat' dir='ltr'>inter</span> <span class='ocrx_word' id='word_1_152' title='bbox 636 2221 664 2261; x_wconf 92' lang='lat' dir='ltr'>a.</span> <span class='ocrx_word' id='word_1_153' title='bbox 681 2197 711 2262; x_wconf 93' lang='lat' dir='ltr'>d.</span> <span class='ocrx_word' id='word_1_154' title='bbox 727 2196 814 2263; x_wconf 89' lang='lat' dir='ltr'>VII.</span> <span class='ocrx_word' id='word_1_155' title='bbox 830 2195 883 2260; x_wconf 91' lang='lat' dir='ltr'>Id.</span> <span class='ocrx_word' id='word_1_156' title='bbox 907 2194 1015 2259; x_wconf 91' lang='lat' dir='ltr'>etId.</span> <span class='ocrx_word' id='word_1_157' title='bbox 1033 2194 1123 2260; x_wconf 88' lang='lat' dir='ltr'>Jun.</span> <span class='ocrx_word' id='word_1_158' title='bbox 1148 2195 1317 2280; x_wconf 91' lang='lat' dir='ltr'>scripta</span> 
     </span>
     <span class='ocr_line' id='line_1_20' title="bbox 218 2298 1317 2386; baseline -0.001 -23"><span class='ocrx_word' id='word_1_159' title='bbox 218 2309 284 2366; x_wconf 88' lang='lat' dir='ltr'>est.</span> <span class='ocrx_word' id='word_1_160' title='bbox 321 2299 380 2364; x_wconf 79' lang='lat' dir='ltr'>‘Ex</span> <span class='ocrx_word' id='word_1_161' title='bbox 401 2321 465 2386; x_wconf 89' lang='lat' dir='ltr'>qua</span> <span class='ocrx_word' id='word_1_162' title='bbox 489 2302 724 2383; x_wconf 84' lang='lat' dir='ltr'>terminatione,</span> <span class='ocrx_word' id='word_1_163' title='bbox 746 2323 819 2365; x_wconf 88' lang='lat' dir='ltr'>eum</span> <span class='ocrx_word' id='word_1_164' title='bbox 835 2299 949 2366; x_wconf 77' lang='lat' dir='ltr'>Cicero</span> <span class='ocrx_word' id='word_1_165' title='bbox 971 2299 1005 2361; x_wconf 91' lang='lat' dir='ltr'>in</span> <span class='ocrx_word' id='word_1_166' title='bbox 1031 2321 1079 2384; x_wconf 91' lang='lat' dir='ltr'>ep.</span> <span class='ocrx_word' id='word_1_167' title='bbox 1100 2303 1127 2379; x_wconf 91' lang='grc'>1,</span> <span class='ocrx_word' id='word_1_168' title='bbox 1145 2298 1228 2381; x_wconf 92' lang='grc'><strong>10,1</strong></span> <span class='ocrx_word' id='word_1_169' title='bbox 1246 2320 1317 2362; x_wconf 86' lang='lat' dir='ltr'>sese</span> 
     </span>
     <span class='ocr_line' id='line_1_21' title="bbox 217 2401 1316 2492; baseline 0 -26"><span class='ocrx_word' id='word_1_170' title='bbox 217 2402 312 2468; x_wconf 86' lang='lat' dir='ltr'>Bruti</span> <span class='ocrx_word' id='word_1_171' title='bbox 351 2403 490 2488; x_wconf 88' lang='lat' dir='ltr'>litteras,</span> <span class='ocrx_word' id='word_1_172' title='bbox 529 2404 646 2492; x_wconf 90' lang='lat' dir='ltr'>quibus</span> <span class='ocrx_word' id='word_1_173' title='bbox 680 2405 733 2470; x_wconf 90' lang='lat' dir='ltr'>ille</span> <span class='ocrx_word' id='word_1_174' title='bbox 764 2404 896 2490; x_wconf 83' lang='lat' dir='ltr'>cognita</span> <span class='ocrx_word' id='word_1_175' title='bbox 926 2413 1057 2483; x_wconf 83' lang='lat' dir='ltr'>senatus</span> <span class='ocrx_word' id='word_1_176' title='bbox 1087 2401 1279 2467; x_wconf 88' lang='lat' dir='ltr'>auctoritate</span> <span class='ocrx_word' id='word_1_177' title='bbox 1290 2402 1316 2487; x_wconf 76' lang='lat'>⁵)</span> 
     </span>
     <span class='ocr_line' id='line_1_22' title="bbox 216 2505 1316 2588; baseline 0 -18"><span class='ocrx_word' id='word_1_178' title='bbox 216 2515 322 2570; x_wconf 88' lang='lat' dir='ltr'>utrum</span> <span class='ocrx_word' id='word_1_179' title='bbox 346 2528 418 2571; x_wconf 85' lang='lat' dir='ltr'>cum</span> <span class='ocrx_word' id='word_1_180' title='bbox 442 2509 586 2574; x_wconf 84' lang='lat' dir='ltr'>exercitu</span> <span class='ocrx_word' id='word_1_181' title='bbox 601 2512 634 2573; x_wconf 92' lang='lat' dir='ltr'>in</span> <span class='ocrx_word' id='word_1_182' title='bbox 649 2509 778 2574; x_wconf 89' lang='lat' dir='ltr'>Italiam</span> <span class='ocrx_word' id='word_1_183' title='bbox 792 2516 948 2573; x_wconf 86' lang='lat' dir='ltr'>venturus</span> <span class='ocrx_word' id='word_1_184' title='bbox 964 2507 1014 2588; x_wconf 89' lang='lat' dir='ltr'>sit,</span> <span class='ocrx_word' id='word_1_185' title='bbox 1039 2527 1150 2587; x_wconf 87' lang='lat' dir='ltr'>necne,</span> <span class='ocrx_word' id='word_1_186' title='bbox 1166 2505 1316 2587; x_wconf 88' lang='lat' dir='ltr'>declaret,</span> 
     </span>
     <span class='ocr_line' id='line_1_23' title="bbox 214 2608 1315 2698; baseline -0.001 -24"><span class='ocrx_word' id='word_1_187' title='bbox 214 2609 311 2674; x_wconf 87' lang='lat' dir='ltr'>valde</span> <span class='ocrx_word' id='word_1_188' title='bbox 349 2620 539 2698; x_wconf 87' lang='lat' dir='ltr'>exspectare</span> <span class='ocrx_word' id='word_1_189' title='bbox 569 2612 672 2693; x_wconf 89' lang='lat' dir='ltr'>dicat,</span> <span class='ocrx_word' id='word_1_190' title='bbox 702 2620 833 2677; x_wconf 89' lang='lat' dir='ltr'>senatus</span> <span class='ocrx_word' id='word_1_191' title='bbox 873 2613 1100 2675; x_wconf 87' lang='lat' dir='ltr'>auctoritatem</span> <span class='ocrx_word' id='word_1_192' title='bbox 1130 2608 1218 2673; x_wconf 91' lang='lat' dir='ltr'>illam</span> <span class='ocrx_word' id='word_1_193' title='bbox 1248 2631 1315 2673; x_wconf 93' lang='lat' dir='ltr'>non</span> 
     </span>
     <span class='ocr_line' id='line_1_24' title="bbox 215 2712 1315 2802; baseline 0.001 -27"><span class='ocrx_word' id='word_1_194' title='bbox 215 2733 326 2778; x_wconf 86' lang='lat' dir='ltr'>mense</span> <span class='ocrx_word' id='word_1_195' title='bbox 347 2713 446 2779; x_wconf 88' lang='lat' dir='ltr'>Junio</span> <span class='ocrx_word' id='word_1_196' title='bbox 456 2714 485 2798; x_wconf 83' lang='lat'>⁴)</span> <span class='ocrx_word' id='word_1_197' title='bbox 508 2712 647 2796; x_wconf 89' lang='lat' dir='ltr'>demum,</span> <span class='ocrx_word' id='word_1_198' title='bbox 671 2713 727 2778; x_wconf 88' lang='lat' dir='ltr'>sed</span> <span class='ocrx_word' id='word_1_199' title='bbox 749 2714 856 2780; x_wconf 88' lang='lat' dir='ltr'>medio</span> <span class='ocrx_word' id='word_1_200' title='bbox 871 2735 981 2780; x_wconf 89' lang='lat' dir='ltr'>mense</span> <span class='ocrx_word' id='word_1_201' title='bbox 996 2714 1084 2778; x_wconf 89' lang='lat' dir='ltr'>Maio</span> <span class='ocrx_word' id='word_1_202' title='bbox 1100 2714 1315 2802; x_wconf 90' lang='lat' dir='ltr'>perscriptam</span> 
     </span>
     <span class='ocr_line' id='line_1_25' title="bbox 206 2809 1317 2905; baseline 0 -24"><span class='ocrx_word' id='word_1_203' title='bbox 206 2809 287 2882; x_wconf 75' lang='lat' dir='ltr'>&#39;esse</span> <span class='ocrx_word' id='word_1_204' title='bbox 309 2819 460 2904; x_wconf 89' lang='lat' dir='ltr'>sequitur.</span> <span class='ocrx_word' id='word_1_205' title='bbox 506 2815 602 2897; x_wconf 77' lang='lat' dir='ltr'>Quod</span> <span class='ocrx_word' id='word_1_206' title='bbox 625 2818 746 2903; x_wconf 88' lang='lat' dir='ltr'>siquis</span> <span class='ocrx_word' id='word_1_207' title='bbox 769 2818 903 2884; x_wconf 84' lang='lat' dir='ltr'>miretur</span> <span class='ocrx_word' id='word_1_208' title='bbox 925 2825 992 2882; x_wconf 89' lang='lat' dir='ltr'>tam</span> <span class='ocrx_word' id='word_1_209' title='bbox 1015 2815 1107 2883; x_wconf 90' lang='lat' dir='ltr'>brevi</span> <span class='ocrx_word' id='word_1_210' title='bbox 1122 2819 1226 2905; x_wconf 88' lang='lat' dir='ltr'>spatio</span> <span class='ocrx_word' id='word_1_211' title='bbox 1241 2827 1317 2904; x_wconf 90' lang='lat' dir='ltr'>post</span> 
     </span>
     <span class='ocr_line' id='line_1_26' title="bbox 217 2920 1317 3004; baseline 0.005 -24"><span class='ocrx_word' id='word_1_212' title='bbox 217 2921 386 2986; x_wconf 87' lang='lat' dir='ltr'>victoriam</span> <span class='ocrx_word' id='word_1_213' title='bbox 416 2920 634 2985; x_wconf 89' lang='lat' dir='ltr'>Mutinensem</span> <span class='ocrx_word' id='word_1_214' title='bbox 664 2931 811 2986; x_wconf 86' lang='lat' dir='ltr'>senatum</span> <span class='ocrx_word' id='word_1_215' title='bbox 843 2931 911 2986; x_wconf 88' lang='lat' dir='ltr'>tam</span> <span class='ocrx_word' id='word_1_216' title='bbox 942 2923 1107 2987; x_wconf 84' lang='lat' dir='ltr'>auximum</span> <span class='ocrx_word' id='word_1_217' title='bbox 1130 2921 1248 3004; x_wconf 73' lang='lat' dir='ltr'>fluisse,</span> <span class='ocrx_word' id='word_1_218' title='bbox 1279 2930 1317 2985; x_wconf 88' lang='lat' dir='ltr'>ut</span> 
     </span>
     <span class='ocr_line' id='line_1_27' title="bbox 217 3021 1372 3113; baseline 0.003 -27"><span class='ocrx_word' id='word_1_219' title='bbox 217 3021 261 3088; x_wconf 87' lang='lat' dir='ltr'>M.</span> <span class='ocrx_word' id='word_1_220' title='bbox 285 3022 425 3090; x_wconf 86' lang='lat' dir='ltr'>Brutum</span> <span class='ocrx_word' id='word_1_221' title='bbox 450 3027 497 3089; x_wconf 89' lang='lat' dir='ltr'>rei</span> <span class='ocrx_word' id='word_1_222' title='bbox 524 3023 673 3110; x_wconf 90' lang='lat' dir='ltr'>publicae</span> <span class='ocrx_word' id='word_1_223' title='bbox 704 3023 860 3089; x_wconf 86' lang='lat' dir='ltr'>auxilium</span> <span class='ocrx_word' id='word_1_224' title='bbox 891 3025 958 3090; x_wconf 86' lang='lat' dir='ltr'>fere</span> <span class='ocrx_word' id='word_1_225' title='bbox 982 3034 1129 3113; x_wconf 88' lang='lat' dir='ltr'>cuperet,</span> <span class='ocrx_word' id='word_1_226' title='bbox 1158 3024 1199 3090; x_wconf 92' lang='lat' dir='ltr'>D.</span> <span class='ocrx_word' id='word_1_227' title='bbox 1222 3026 1316 3089; x_wconf 89' lang='lat' dir='ltr'>Bruti</span> <span class='ocrx_word' id='word_1_228' title='bbox 1369 3064 1372 3069; x_wconf 92' lang='lat'><em>-</em></span> 
     </span>
     <span class='ocr_line' id='line_1_28' title="bbox 218 3125 1316 3210; baseline 0.003 -23"><span class='ocrx_word' id='word_1_229' title='bbox 218 3125 388 3210; x_wconf 88' lang='lat' dir='ltr'>epistulam</span> <span class='ocrx_word' id='word_1_230' title='bbox 413 3128 456 3192; x_wconf 90' lang='lat' dir='ltr'>ad</span> <span class='ocrx_word' id='word_1_231' title='bbox 485 3129 561 3197; x_wconf 84' lang='lat' dir='ltr'>fam.</span> <span class='ocrx_word' id='word_1_232' title='bbox 587 3128 636 3210; x_wconf 88' lang='lat'>10,</span> <span class='ocrx_word' id='word_1_233' title='bbox 658 3128 700 3193; x_wconf 82' lang='lat'>24</span> <span class='ocrx_word' id='word_1_234' title='bbox 731 3152 759 3193; x_wconf 90' lang='lat' dir='ltr'>a.</span> <span class='ocrx_word' id='word_1_235' title='bbox 788 3129 817 3195; x_wconf 92' lang='lat' dir='ltr'>d.</span> <span class='ocrx_word' id='word_1_236' title='bbox 844 3127 903 3194; x_wconf 93' lang='lat' dir='ltr'>III.</span> <span class='ocrx_word' id='word_1_237' title='bbox 934 3129 1015 3194; x_wconf 90' lang='lat' dir='ltr'>Non.</span> <span class='ocrx_word' id='word_1_238' title='bbox 1047 3129 1122 3194; x_wconf 79' lang='lat' dir='ltr'>Mai.</span> <span class='ocrx_word' id='word_1_239' title='bbox 1149 3127 1316 3192; x_wconf 81' lang='lat' dir='ltr'>Dertonae</span> 
     </span>
     <span class='ocr_line' id='line_1_29' title="bbox 219 3228 1313 3318; baseline 0.002 -27"><span class='ocrx_word' id='word_1_240' title='bbox 219 3228 329 3293; x_wconf 89' lang='lat' dir='ltr'>datam</span> <span class='ocrx_word' id='word_1_241' title='bbox 355 3229 519 3318; x_wconf 85' lang='lat' dir='ltr'>perlegat,</span> <span class='ocrx_word' id='word_1_242' title='bbox 547 3234 581 3297; x_wconf 90' lang='lat' dir='ltr'>in</span> <span class='ocrx_word' id='word_1_243' title='bbox 612 3252 677 3318; x_wconf 90' lang='lat' dir='ltr'>qua</span> <span class='ocrx_word' id='word_1_244' title='bbox 704 3233 784 3296; x_wconf 87' lang='lat' dir='ltr'>satis</span> <span class='ocrx_word' id='word_1_245' title='bbox 806 3231 927 3296; x_wconf 90' lang='lat' dir='ltr'>multae</span> <span class='ocrx_word' id='word_1_246' title='bbox 948 3233 1207 3298; x_wconf 88' lang='lat' dir='ltr'>tristissimarum</span> <span class='ocrx_word' id='word_1_247' title='bbox 1228 3228 1313 3294; x_wconf 88' lang='lat' dir='ltr'>solli-</span> 
     </span>
     <span class='ocr_line' id='line_1_30' title="bbox 219 3333 776 3402; baseline 0.009 -8"><span class='ocrx_word' id='word_1_248' title='bbox 219 3333 395 3399; x_wconf 87' lang='lat' dir='ltr'>citudinum</span> <span class='ocrx_word' id='word_1_249' title='bbox 419 3355 537 3402; x_wconf 85' lang='lat' dir='ltr'>causae</span> <span class='ocrx_word' id='word_1_250' title='bbox 558 3335 776 3401; x_wconf 89' lang='lat' dir='ltr'>inveniuntur.</span> 
     </span>
    </p>
   </div>
   <div class='ocr_carea' id='block_1_3' title="bbox 145 3571 1315 4406">
    <p class='ocr_par' dir='ltr' id='par_1_4' title="bbox 145 3571 1315 3800">
     <span class='ocr_line' id='line_1_31' title="bbox 145 3571 1314 3643; baseline 0 -16"><span class='ocrx_word' id='word_1_251' title='bbox 145 3623 146 3640; x_wconf 73' lang='grc'><strong>,</strong></span> <span class='ocrx_word' id='word_1_252' title='bbox 269 3573 274 3584; x_wconf 83' lang='grc'><strong><em>’</em></strong></span> <span class='ocrx_word' id='word_1_253' title='bbox 288 3574 316 3643; x_wconf 84' lang='grc'>1)</span> <span class='ocrx_word' id='word_1_254' title='bbox 333 3572 525 3627; x_wconf 88' lang='lat' dir='ltr'>Antecedente</span> <span class='ocrx_word' id='word_1_255' title='bbox 544 3573 599 3636; x_wconf 89' lang='lat' dir='ltr'>die,</span> <span class='ocrx_word' id='word_1_256' title='bbox 617 3589 642 3628; x_wconf 91' lang='lat' dir='ltr'>a.</span> <span class='ocrx_word' id='word_1_257' title='bbox 662 3573 689 3629; x_wconf 92' lang='lat' dir='ltr'>d.</span> <span class='ocrx_word' id='word_1_258' title='bbox 702 3572 779 3629; x_wconf 90' lang='lat' dir='ltr'>VIII.</span> <span class='ocrx_word' id='word_1_259' title='bbox 792 3572 835 3626; x_wconf 88' lang='lat' dir='ltr'>Id.</span> <span class='ocrx_word' id='word_1_260' title='bbox 848 3571 924 3640; x_wconf 74' lang='lat' dir='ltr'>dun„</span> <span class='ocrx_word' id='word_1_261' title='bbox 944 3590 1007 3626; x_wconf 89' lang='lat' dir='ltr'>cum</span> <span class='ocrx_word' id='word_1_262' title='bbox 1023 3571 1122 3626; x_wconf 83' lang='lat' dir='ltr'>Cicero</span> <span class='ocrx_word' id='word_1_263' title='bbox 1141 3573 1178 3626; x_wconf 88' lang='lat' dir='ltr'>ad</span> <span class='ocrx_word' id='word_1_264' title='bbox 1193 3571 1230 3626; x_wconf 90' lang='lat' dir='ltr'>D.</span> <span class='ocrx_word' id='word_1_265' title='bbox 1243 3572 1314 3627; x_wconf 90' lang='lat' dir='ltr'>Bru-</span> 
     </span>
     <span class='ocr_line' id='line_1_32' title="bbox 218 3658 1315 3730; baseline 0.002 -18"><span class='ocrx_word' id='word_1_266' title='bbox 218 3665 277 3712; x_wconf 87' lang='lat' dir='ltr'>tum</span> <span class='ocrx_word' id='word_1_267' title='bbox 302 3676 346 3730; x_wconf 88' lang='lat' dir='ltr'>ep.</span> <span class='ocrx_word' id='word_1_268' title='bbox 366 3660 402 3714; x_wconf 91' lang='lat' dir='ltr'>ad</span> <span class='ocrx_word' id='word_1_269' title='bbox 422 3659 487 3714; x_wconf 83' lang='lat' dir='ltr'>lam.</span> <span class='ocrx_word' id='word_1_270' title='bbox 508 3660 551 3728; x_wconf 82' lang='lat'>11,</span> <span class='ocrx_word' id='word_1_271' title='bbox 569 3661 604 3714; x_wconf 79' lang='lat'>24</span> <span class='ocrx_word' id='word_1_272' title='bbox 622 3661 715 3725; x_wconf 87' lang='lat' dir='ltr'>daret,</span> <span class='ocrx_word' id='word_1_273' title='bbox 735 3659 834 3714; x_wconf 88' lang='lat' dir='ltr'>Planci</span> <span class='ocrx_word' id='word_1_274' title='bbox 852 3659 918 3713; x_wconf 87' lang='lat' dir='ltr'>illae</span> <span class='ocrx_word' id='word_1_275' title='bbox 935 3660 1045 3714; x_wconf 82' lang='lat' dir='ltr'>litterae</span> <span class='ocrx_word' id='word_1_276' title='bbox 1063 3660 1190 3713; x_wconf 88' lang='lat' dir='ltr'>nondum</span> <span class='ocrx_word' id='word_1_277' title='bbox 1207 3658 1315 3714; x_wconf 84' lang='lat' dir='ltr'>Romae</span> 
     </span>
     <span class='ocr_line' id='line_1_33' title="bbox 216 3751 305 3800; baseline 0.022 -2"><span class='ocrx_word' id='word_1_278' title='bbox 216 3751 305 3800; x_wconf 83' lang='lat' dir='ltr'>erant.</span> 
     </span>
    </p>

    <p class='ocr_par' dir='ltr' id='par_1_5' title="bbox 217 3830 1315 4164">
     <span class='ocr_line' id='line_1_34' title="bbox 286 3830 1314 3904; baseline 0 -18"><span class='ocrx_word' id='word_1_279' title='bbox 286 3834 314 3904; x_wconf 82' lang='grc'>2)</span> <span class='ocrx_word' id='word_1_280' title='bbox 331 3832 456 3890; x_wconf 87' lang='lat' dir='ltr'>Plancus</span> <span class='ocrx_word' id='word_1_281' title='bbox 472 3831 520 3904; x_wconf 82' lang='lat' dir='ltr'>(cf.</span> <span class='ocrx_word' id='word_1_282' title='bbox 539 3835 576 3888; x_wconf 88' lang='lat' dir='ltr'>ad</span> <span class='ocrx_word' id='word_1_283' title='bbox 595 3832 663 3889; x_wconf 83' lang='lat' dir='ltr'>fam.</span> <span class='ocrx_word' id='word_1_284' title='bbox 684 3833 723 3900; x_wconf 90' lang='lat'>10,</span> <span class='ocrx_word' id='word_1_285' title='bbox 741 3834 788 3902; x_wconf 73' lang='lat'>23)</span> <span class='ocrx_word' id='word_1_286' title='bbox 813 3849 839 3888; x_wconf 85' lang='lat' dir='ltr'>a.</span> <span class='ocrx_word' id='word_1_287' title='bbox 859 3833 885 3886; x_wconf 93' lang='lat' dir='ltr'>d.</span> <span class='ocrx_word' id='word_1_288' title='bbox 908 3831 981 3886; x_wconf 91' lang='lat' dir='ltr'>VIII.</span> <span class='ocrx_word' id='word_1_289' title='bbox 1001 3831 1043 3884; x_wconf 91' lang='lat' dir='ltr'>ld.</span> <span class='ocrx_word' id='word_1_290' title='bbox 1062 3830 1130 3888; x_wconf 75' lang='lat' dir='ltr'>dun.</span> <span class='ocrx_word' id='word_1_291' title='bbox 1150 3832 1185 3886; x_wconf 91' lang='lat' dir='ltr'>de</span> <span class='ocrx_word' id='word_1_292' title='bbox 1203 3831 1314 3903; x_wconf 88' lang='lat' dir='ltr'>Lepido</span> 
     </span>
     <span class='ocr_line' id='line_1_35' title="bbox 217 3919 1314 3986; baseline -0.002 -12"><span class='ocrx_word' id='word_1_293' title='bbox 217 3937 281 3974; x_wconf 91' lang='lat' dir='ltr'>cum</span> <span class='ocrx_word' id='word_1_294' title='bbox 299 3921 421 3975; x_wconf 82' lang='lat' dir='ltr'>Antonio</span> <span class='ocrx_word' id='word_1_295' title='bbox 445 3922 594 3976; x_wconf 89' lang='lat' dir='ltr'>coniuncto</span> <span class='ocrx_word' id='word_1_296' title='bbox 619 3923 655 3974; x_wconf 91' lang='lat' dir='ltr'>ad</span> <span class='ocrx_word' id='word_1_297' title='bbox 674 3922 838 3975; x_wconf 82' lang='lat' dir='ltr'>Ciceronem</span> <span class='ocrx_word' id='word_1_298' title='bbox 864 3919 977 3986; x_wconf 73' lang='lat' dir='ltr'>scribit,</span> <span class='ocrx_word' id='word_1_299' title='bbox 1002 3922 1129 3972; x_wconf 85' lang='lat' dir='ltr'>attamen</span> <span class='ocrx_word' id='word_1_300' title='bbox 1151 3926 1228 3972; x_wconf 86' lang='lat' dir='ltr'>certe</span> <span class='ocrx_word' id='word_1_301' title='bbox 1248 3926 1314 3973; x_wconf 88' lang='lat' dir='ltr'>ante</span> 
     </span>
     <span class='ocr_line' id='line_1_36' title="bbox 217 4004 1315 4079; baseline 0 -20"><span class='ocrx_word' id='word_1_302' title='bbox 217 4005 291 4061; x_wconf 89' lang='lat' dir='ltr'>hanc</span> <span class='ocrx_word' id='word_1_303' title='bbox 301 4007 452 4078; x_wconf 86' lang='lat' dir='ltr'>epistulam</span> <span class='ocrx_word' id='word_1_304' title='bbox 462 4009 577 4065; x_wconf 90' lang='lat' dir='ltr'>nuntius</span> <span class='ocrx_word' id='word_1_305' title='bbox 588 4008 635 4062; x_wconf 90' lang='lat' dir='ltr'>ille</span> <span class='ocrx_word' id='word_1_306' title='bbox 644 4007 762 4062; x_wconf 86' lang='lat' dir='ltr'>Romam</span> <span class='ocrx_word' id='word_1_307' title='bbox 771 4007 908 4079; x_wconf 86' lang='lat' dir='ltr'>pervenit,</span> <span class='ocrx_word' id='word_1_308' title='bbox 919 4004 1083 4076; x_wconf 87' lang='lat' dir='ltr'>praesertim</span> <span class='ocrx_word' id='word_1_309' title='bbox 1095 4023 1157 4059; x_wconf 90' lang='lat' dir='ltr'>cum</span> <span class='ocrx_word' id='word_1_310' title='bbox 1164 4005 1202 4058; x_wconf 93' lang='lat' dir='ltr'>D.</span> <span class='ocrx_word' id='word_1_311' title='bbox 1209 4006 1315 4061; x_wconf 88' lang='lat' dir='ltr'>Brutus</span> 
     </span>
     <span class='ocr_line' id='line_1_37' title="bbox 217 4093 1312 4164; baseline 0.001 -18"><span class='ocrx_word' id='word_1_312' title='bbox 217 4094 274 4147; x_wconf 87' lang='lat' dir='ltr'>iam</span> <span class='ocrx_word' id='word_1_313' title='bbox 293 4112 317 4147; x_wconf 90' lang='lat' dir='ltr'>a.</span> <span class='ocrx_word' id='word_1_314' title='bbox 330 4094 356 4150; x_wconf 93' lang='lat' dir='ltr'>d.</span> <span class='ocrx_word' id='word_1_315' title='bbox 370 4093 422 4148; x_wconf 91' lang='grc' dir='ltr'>ΙΙΙ.</span> <span class='ocrx_word' id='word_1_316' title='bbox 437 4093 507 4151; x_wconf 85' lang='lat' dir='ltr'>Non.</span> <span class='ocrx_word' id='word_1_317' title='bbox 521 4096 585 4149; x_wconf 82' lang='lat' dir='ltr'>Iun.</span> <span class='ocrx_word' id='word_1_318' title='bbox 598 4097 644 4164; x_wconf 81' lang='lat' dir='ltr'>(ad</span> <span class='ocrx_word' id='word_1_319' title='bbox 659 4095 725 4148; x_wconf 86' lang='lat' dir='ltr'>fam.</span> <span class='ocrx_word' id='word_1_320' title='bbox 742 4096 782 4162; x_wconf 90' lang='lat'>11,</span> <span class='ocrx_word' id='word_1_321' title='bbox 796 4096 840 4162; x_wconf 79' lang='lat'>26)</span> <span class='ocrx_word' id='word_1_322' title='bbox 854 4095 888 4146; x_wconf 88' lang='lat' dir='ltr'>de</span> <span class='ocrx_word' id='word_1_323' title='bbox 902 4093 1000 4146; x_wconf 88' lang='lat' dir='ltr'>eadem</span> <span class='ocrx_word' id='word_1_324' title='bbox 1016 4093 1166 4147; x_wconf 82' lang='lat' dir='ltr'>relitteres</span> <span class='ocrx_word' id='word_1_325' title='bbox 1181 4093 1312 4147; x_wconf 88' lang='lat' dir='ltr'>dedisset.</span> 
     </span>
    </p>

    <p class='ocr_par' dir='ltr' id='par_1_6' title="bbox 286 4181 578 4252">
     <span class='ocr_line' id='line_1_38' title="bbox 286 4181 578 4252; baseline 0.003 -15"><span class='ocrx_word' id='word_1_326' title='bbox 286 4184 315 4248; x_wconf 88' lang='lat'>3)</span> <span class='ocrx_word' id='word_1_327' title='bbox 332 4182 433 4252; x_wconf 79' lang='lat' dir='ltr'>Lange</span> <span class='ocrx_word' id='word_1_328' title='bbox 450 4181 499 4251; x_wconf 89' lang='lat'>111,</span> <span class='ocrx_word' id='word_1_329' title='bbox 518 4184 578 4238; x_wconf 78' lang='lat'>542.</span> 
     </span>
    </p>

    <p class='ocr_par' dir='ltr' id='par_1_7' title="bbox 286 4269 584 4340">
     <span class='ocr_line' id='line_1_39' title="bbox 286 4269 584 4340; baseline 0.007 -18"><span class='ocrx_word' id='word_1_330' title='bbox 286 4269 315 4337; x_wconf 79' lang='lat'>4)</span> <span class='ocrx_word' id='word_1_331' title='bbox 333 4269 433 4340; x_wconf 78' lang='lat' dir='ltr'>Lange</span> <span class='ocrx_word' id='word_1_332' title='bbox 452 4269 506 4333; x_wconf 89' lang='lat'>111,</span> <span class='ocrx_word' id='word_1_333' title='bbox 523 4270 584 4324; x_wconf 76' lang='lat'>542.</span> 
     </span>
    </p>

    <p class='ocr_par' dir='ltr' id='par_1_8' title="bbox 1084 4354 1102 4406">
     <span class='ocr_line' id='line_1_40' title="bbox 1084 4354 1102 4406; baseline 0 0"><span class='ocrx_word' id='word_1_334' title='bbox 1084 4354 1102 4406; x_wconf 87' lang='lat'><strong>4</strong></span> 
     </span>
    </p>
   </div>
   <div class='ocr_carea' id='block_1_4' title="bbox 0 0 1574 4762">
    <p class='ocr_par' dir='ltr' id='par_1_9' title="bbox 0 0 1574 4762">
     <span class='ocr_line' id='line_1_41' title="bbox 0 0 1574 4762; baseline 0 0"><span class='ocrx_word' id='word_1_335' title='bbox 0 0 1574 4762; x_wconf 95' lang='lat' dir='ltr'> </span> 
     </span>
    </p>
   </div>
  </div>
 </body>
</html>
