3140 4762
707 237 993 328 -8..'

259 431 420 498 tabellarii
443 431 609 498 Ciceronis
632 439 737 498 aetate
759 433 793 497 in
810 431 947 519 Syriam,
972 431 1025 498 ubi
1042 431 1175 498 Cassius
1197 454 1238 498 ex
1260 453 1345 498 anno

259 559 290 600 u.
313 559 339 602 c.
364 538 433 602 711.
463 537 595 600 ineunte
623 534 722 602 fuisse
752 536 894 618 videtur,
907 537 931 622 ¹)
961 537 1128 622 pervenire
1158 537 1222 601 sint
1251 535 1344 603 soliti.

260 642 368 727 Atque
402 660 475 705 cum
498 639 622 709 dierum
644 660 816 722 numerus,
845 639 961 726 quihus
984 635 1139 726 epistulae
1160 640 1194 704 in
1217 640 1349 728 provinss·

260 743 327 808 cias
349 765 415 808 non
436 743 642 808 terrestribus
665 741 776 822 solum,
804 764 916 807 verum
939 743 1035 807 etiam
1057 743 1225 807 maritimis
1244 743 1346 808 itine-

261 845 351 912 ribus
381 845 598 932 capessendas
621 844 747 910 delatae
767 846 848 928 sint,
877 845 1007 911 minime
1029 845 1123 908 certis
1145 844 1263 910 linibus
1285 846 1345 910 cir·

143 954 144 957 ’
261 951 472 1037 cumscriptus
487 948 586 1016 firissa
602 949 760 1030 videatur,
783 949 920 1034 primurn
936 944 1182 1023 consideremus,
1207 947 1347 1034 quonam

259 1052 413 1138 temporis
436 1053 540 1140 spatio
562 1051 720 1118 tabellarii
745 1053 866 1116 strenui
888 1049 1028 1118 secundo
1052 1071 1147 1116 cursu
1169 1051 1202 1115 in
1218 1051 1346 1136 Syriam

260 1155 429 1244 pervenire
450 1155 619 1241 potuerint.
642 1193 682 1203 -

347 1257 461 1324 Cicero
484 1257 525 1322 ad
547 1257 621 1324 fam.
647 1257 695 1338 14,
719 1257 749 1338 5,
775 1255 1094 1336 1:„Pr.1dus00t.“
1116 1257 1219 1342 inquit
1234 1255 1348 1338 „Athe-

261 1384 322 1428 nas
344 1362 491 1427 venimus
514 1408 521 1424 .
545 1414 551 1427 .
575 1411 582 1425 .
605 1357 657 1423 De
679 1381 762 1426 nave
784 1341 974 1426 exeuntibus
997 1361 1089 1428 nobis
1112 1362 1253 1424 Acastus
1276 1381 1348 1424 cum

260 1455 1349 1551 litterispraestofuitunoetvicesimodie,sane'strenue.“

261 1566 430 1634 Laudatur
452 1568 551 1652 igitur
573 1563 768 1640 tabellarius,
791 1567 867 1652 quia
888 1589 952 1634 uno
968 1578 1000 1646 et
1014 1568 1165 1634 vicesimo
1181 1566 1233 1632 die
1248 1566 1350 1631 Roma

262 1670 410 1735 Athenas
445 1670 643 1757 pervenerit,
688 1667 773 1754 quod
809 1677 938 1756 praeter
973 1671 1140 1736 traiectum
1177 1669 1350 1734 Brundisio

246 1771 423 1856 ,Aulonum
445 1774 505 1838 iter
527 1773 601 1838 circ.
624 1771 688 1836 780
709 1792 772 1859 pm.
796 1773 882 1856 est.²)
927 1771 1010 1838 Cum
1031 1773 1101 1838 loco
1122 1772 1252 1839 laudato
1276 1795 1348 1838 con-

262 1874 396 1941 ferenda
418 1883 467 1940 est
489 1876 532 1940 ad
554 1875 629 1956 fam,
655 1875 704 1956 15,
726 1874 756 1956 3,
777 1875 813 1941 2:
837 1925 946 1955 ....
947 1874 1171 1940 existimabam
1193 1875 1236 1940 M.
1252 1873 1350 1940 Bibu-

262 1978 327 2045 lum
349 2000 483 2066 procos,
504 1978 560 2065 qui
582 1979 708 2044 circiter
722 1977 800 2042 Idus
817 1977 954 2044 Sextiles
968 1978 1011 2044 ab
1027 1977 1158 2064 Epheso
1172 1980 1206 2044 in
1222 1979 1351 2064 Syriam

262 2083 400 2150 navibus
428 2082 591 2170 profectus
621 2089 706 2160 erat,
736 2081 822 2167 quod
852 2081 1010 2148 secundos
1041 2089 1154 2148 ventos
1177 2082 1351 2161 habuisset,

263 2188 328 2252 iarn
351 2186 384 2251 in
406 2185 606 2272 provinciam
629 2207 719 2252 suam
736 2185 952 2269 pervenisse“,
975 2185 1092 2272 quibus
1107 2208 1125 2251 a
1139 2185 1255 2267 verbis,
1278 2206 1351 2249 curn

264 2311 314 2376 ep.
347 2290 389 2354 ad
418 2289 492 2353 fam.
518 2290 581 2370 15,
610 2289 630 2352 3
652 2309 681 2352 a.
705 2287 733 2352 d.
755 2287 815 2352 III.
838 2287 910 2354 Kal.
935 2287 1139 2375 Septembres
1167 2289 1249 2355 data-
1271 2289 1351 2372 star)

262 2391 393 2479 Epheso
423 2391 457 2454 in
480 2389 606 2476 Syriam
631 2389 778 2456 secundis
800 2392 905 2457 ventis
927 2393 1001 2457 circ.
1014 2392 1204 2479 ,quindecim
1228 2391 1351 2456 dierum

264 2497 369 2584 spatio
392 2491 559 2559 Ciceronis
582 2500 688 2582 aetate
709 2495 857 2578 navigari
880 2495 1022 2584 potuisse
1047 2492 1273 2562 concludimus.

350 2595 569 2680 Quamobrem
597 2603 740 2682 tempus,
772 2618 834 2684 quo
864 2599 1049 2665 tabellarius
1080 2608 1228 2664 strenuus
1250 2597 1353 2662 Roma

263 2703 297 2767 in
313 2701 441 2787 Syriam
462 2699 632 2787 pervenire
654 2699 803 2787 potuerit,
826 2701 1034 2785 inveniemus,
1055 2703 1083 2767 si
1105 2702 1219 2786 viginti
1240 2699 1352 2765 diebus

253 2812 298 2870 ‘et
324 2804 396 2882 uni,
425 2803 541 2888 quihus
571 2804 711 2870 Acastus
734 2803 836 2869 Roma
858 2805 1006 2873 Athenas
1034 2806 1197 2894 profectus
1226 2812 1289 2882 est,
1322 2812 1354 2868 et

265 2905 447 2993 quindecim
477 2905 604 2990 diebus,
631 2906 748 2992 quibus
779 2906 894 2994 aliquis
924 2910 1029 2975 ventis
1052 2909 1201 2976 secundis
1222 2906 1353 2992 Epheso

265 3011 299 3074 in
322 3009 452 3096 Syriam
481 3008 613 3096 pervehi
634 3005 755 3097 potuit,
777 3020 843 3077 tres
865 3011 935 3077 illos
958 3011 1010 3078 vel
1032 3021 1182 3100 quattuor
1205 3011 1273 3076 dies
1296 3010 1352 3075 ad·

265 3114 558 3188 numeraverimus,
595 3113 711 3198 quibus
744 3125 780 3180 ut
810 3114 947 3180 Athenis
978 3115 1144 3203 Ephesum
1181 3115 1354 3180 traicerent

266 3241 347 3308 opus
381 3219 495 3298 erat.⁴)
549 3215 707 3282 Videntur
743 3217 857 3302 igitur,
886 3219 913 3282 si
943 3240 1047 3305 neque
1076 3221 1180 3286 ventis
1209 3218 1354 3284 adversis
1380 3281 1391 3306 κ

338 3493 365 3563 1)
382 3491 419 3546 cf.
443 3491 606 3558 Drnmann,
631 3490 813 3558 „Geschichte
835 3491 921 3561 Roma
943 3497 1014 3548 otc.“
1045 3491 1078 3547 B.
1099 3493 1125 3546 II
1149 3511 1176 3564 p.
1205 3494 1353 3550 125-129.

267 3578 300 3634 L.
319 3577 419 3650 Lange
436 3577 605 3645 „Blimische
621 3577 827 3633 Alterthiimer“
846 3578 876 3631 B.
895 3579 935 3632 111
952 3596 980 3649 p.
998 3579 1144 3634 aaa-529.

336 3665 366 3734 2)
382 3664 474 3719 Roma
491 3664 617 3735 Capuam
641 3665 693 3719 iter
718 3666 769 3721 124
785 3683 841 3736 pm.
866 3681 927 3720 esse
949 3665 1038 3721 tradit
1059 3665 1092 3720 lt.
1111 3669 1175 3722 Ant.
1198 3683 1225 3736 p.
1244 3667 1287 3732 59,
1305 3667 1354 3730 50;

269 3751 372 3806 rectius
389 3751 423 3808 It.
442 3751 549 3807 Hieros.
575 3752 625 3807 136
642 3769 697 3822 pm.
722 3769 750 3822 p.
768 3753 827 3808 288.
851 3783 885 3794 -
910 3751 1008 3824 Capua
1026 3752 1207 3808 Brundisium
1233 3751 1285 3808 iter
1302 3753 1355 3807 234

270 3857 326 3909 pm.
345 3839 382 3893 cf.
400 3837 434 3893 It.
452 3840 516 3896 Ant.
534 3856 562 3909 p.
581 3839 692 3894 51-55.
727 3837 827 3910 Itaque
839 3838 930 3894 Roma
942 3839 1124 3896 Brundisium
1142 3839 1196 3894 iter
1213 3839 1266 3896 370
1283 3855 1354 3909 pm.;

266 3927 301 3981 lt.
314 3925 420 3981 Hieros.
439 3925 493 3980 itcr
509 3925 562 3982 364
573 3941 629 3996 pm.
647 3923 734 3980 fuisse
751 3925 845 3992 tradit,
858 3925 978 3980 Strabon
992 3926 1037 3992 VI,
1053 3928 1085 3982 h:
1103 3926 1155 3984 360
1171 3943 1226 3997 pm.
1263 3924 1355 3990 Quae·

267 4029 333 4068 nam
355 4012 454 4067 harum
476 4012 561 4066 triam
583 4011 822 4081 computationum
843 4013 1054 4068 accuratissima
1072 4013 1119 4080 sit,
1144 4012 1260 4068 difficile
1286 4013 1355 4067 diia-

269 4099 388 4156 dicatur.
413 4129 446 4140 -—
468 4099 582 4155 Aulona
599 4096 728 4154 Athenas
751 4099 806 4154 itcr
822 4100 872 4154 411
891 4117 947 4171 pm.
972 4105 1034 4156 erat
1055 4100 1090 4155 cf.
1108 4100 1144 4155 It.
1161 4101 1228 4156 Ant.
1246 4117 1275 4172 p.
1294 4100 1352 4155 154.

339 4187 368 4256 3)
386 4185 406 4242 1.
424 4203 451 4241 v.
470 4185 592 4242 Gruber:
612 4184 766 4256 „Quaestio
787 4186 822 4242 dc
839 4191 924 4256 temp.
941 4191 1012 4241 eto.“
1029 4204 1057 4257 p.
1077 4189 1117 4253 ll,
1135 4186 1188 4241 ala
1206 4201 1251 4257 ep.

337 4275 363 4338 4)
380 4273 507 4330 Athenae
525 4274 562 4329 ab
580 4271 690 4346 Epheso
709 4270 773 4328 circ.
792 4274 862 4330 2000
880 4273 951 4328 stad.
972 4272 1088 4328 distant.
