3140 4762
627 267 840 331 ...31ss

178 447 214 507 a.
236 426 275 504 d.
298 426 397 503 XIV.
421 423 504 500 Ilal·
527 427 630 519 Ipsa,
651 459 768 503 maner
790 438 933 504 Pansa
956 434 1187 506 Cornificii
1210 433 1283 502 lit·

313 552 431 606 teras
453 541 495 603 in
518 550 671 605 senatu
693 541 862 606 recitat
1390 529 1394 535 ⁶

271 647 412 710 Pansa
433 641 638 708 Mutinam
659 643 979 732 proficiscitur.

272 749 318 814 M.
340 747 463 813 Bruti
496 744 670 813 litterae
704 747 752 812 de
775 745 812 816 O.
835 747 1023 814 Antonio
1057 756 1182 832 capto
1204 746 1282 813 Ro·

313 872 412 915 mam
435 851 698 934 perveniunt.

185 974 219 1022 a.
239 955 275 1020 d.
297 951 406 1018 XIII.
429 949 512 1018 Kal.
533 950 636 1034 Ipr„
659 975 778 1020 mane:
800 954 977 1018 Senatus
999 950 1195 1018 habetur:

275 1061 307 1144 1)
328 1057 372 1122 M.
395 1055 520 1120 Bruti
541 1054 716 1122 litterae
738 1057 988 1121 recitantur.

272 1163 306 1246 2)
327 1158 477 1245 Lepidi
499 1157 653 1224 literae
674 1160 925 1225 recitantur.

278 1263 311 1349 3)
334 1261 486 1327 Cicero
509 1260 615 1326 dicit
636 1261 740 1327 Phil.
766 1263 813 1329 13.

243 1367 308 1452 ¹)4)
330 1364 482 1430 Planci
503 1365 677 1431 litterae
699 1367 944 1432 recitantur.

191 1470 344 1555 vesperi:
368 1467 517 1533 Cicero
541 1467 692 1534 scribit
713 1469 763 1534 ad
784 1467 984 1533 Plancum
1008 1469 1056 1533 ad
1079 1469 1172 1533 fem.
1192 1471 1240 1550 10,
1255 1470 1283 1533 6.

274 1572 422 1637 Cicero
446 1570 601 1636 scribit
622 1571 887 1658 adLepidum
910 1594 967 1658 ep.
989 1572 1039 1638 ad
1061 1571 1149 1636 fam.
1168 1573 1217 1654 10,
1233 1571 1282 1636 27.

271 1675 344 1740 Iam
370 1674 538 1758 terminus,
567 1683 643 1740 ante
672 1697 768 1764 quem
790 1699 838 1763 ep.
864 1676 906 1741 ad
928 1673 972 1745 M.
997 1676 1087 1743 Brut.
1111 1675 1141 1758 2,
1165 1677 1181 1741 1
1207 1676 1284 1742 data

186 1783 247 1862 sit,
278 1777 475 1845 definiendus
497 1786 564 1861 est,
594 1779 648 1864 qui
674 1778 804 1865 quidem
828 1803 868 1845 ex
891 1801 939 1866 ep.
962 1777 1004 1844 ad
1026 1779 1071 1848 M.
1094 1778 1186 1845 Brut.
1210 1779 1284 1860 2,2

185 1885 282 1949 facile
302 1891 521 1968 cognoscetur.
565 1881 684 1967 Incipit
706 1884 791 1948 enim
813 1881 895 1948 haec
915 1882 1053 1972 epistula
1069 1885 1131 1950 sic:
1154 1882 1285 1963 „Planci

187 1988 329 2054 animum
351 1989 386 2050 in
408 1984 653 2071 rempublicam
669 1987 843 2070 egregium,
858 1984 1012 2070 legiones,
1028 1986 1159 2066 auxilia,
1174 1987 1285 2073 copias

186 2114 229 2156 ex
259 2090 374 2176 litteris
403 2090 489 2170 eius,
519 2109 656 2174 quarum
683 2088 866 2176 exemplum
893 2088 953 2154 tibi
975 2091 1110 2154 missum
1132 2087 1284 2169 arbitror,

143 2267 146 2276 ,
188 2195 368 2282 perspicere
394 2192 547 2280 potuisti“
579 2212 663 2278 quae
692 2191 810 2271 verba,
838 2201 875 2257 ut
896 2214 937 2257 ex
960 2192 1105 2258 eiusdem
1127 2189 1286 2278 epistulae

192 2317 315 2384 paragr.
339 2298 360 2363 3
389 2296 506 2362 elucet:
535 2295 592 2376 „ln
614 2293 727 2360 Planci
756 2318 834 2362 vero
860 2317 960 2361 causa
982 2297 1106 2361 exarsit
1129 2296 1189 2380 (sc.
1212 2293 1285 2360 Ser·

191 2399 297 2486 vilius)
319 2398 501 2466 incredibili
524 2398 634 2466 dolore
655 2421 845 2487 mecumque
866 2421 924 2487 per
941 2400 1075 2465 biduum
1090 2399 1140 2464 ita
1155 2408 1286 2465 conten-

187 2502 234 2568 dit
255 2514 288 2567 et
309 2527 331 2568 a
352 2525 403 2568 me
425 2503 547 2569 fractus
569 2510 636 2568 est*
659 2503 702 2568 ad
724 2503 894 2592 epistulam
917 2503 1023 2586 Illam,
1049 2526 1113 2591 qua
1135 2502 1286 2580 Plancus,

186 2614 357 2693 postquam
380 2607 435 2679 diu
458 2606 640 2690 haesitavit,
670 2615 772 2672 totum
796 2627 831 2671 se
853 2606 992 2672 inbelle
1015 2617 1129 2672 contra
1151 2607 1195 2673 M.
1217 2606 1285 2668 Aa·

186 2712 309 2775 tonium
335 2709 477 2794 gerendo
508 2732 528 2774 a
557 2719 688 2776 senatus
719 2710 865 2796 partibus
897 2718 1055 2776 staturum
1076 2731 1147 2775 esse
1169 2708 1283 2774 confir·

185 2814 327 2900 mavit,²)
348 2812 520 2878 referenda
542 2823 623 2880 sunt.
669 2813 750 2880 (lum
772 2835 850 2878 vero
872 2815 906 2878 in
929 2834 978 2900 ep.
994 2811 1038 2878 ad
1053 2813 1096 2878 M.
1112 2811 1202 2880 Brut.
1218 2812 1283 2894 2,1

186 2917 316 2984 omnino
332 2915 412 2982 nihil
428 2915 468 2981 de
482 2914 605 2980 Planco
621 2925 896 3000 commemoretur,
913 2937 985 2982 eam
996 2915 1159 2983 nonnullis
1171 2914 1286 2982 diebus

118 3106 121 3112 Ι
185 3030 261 3108 post
269 3023 296 3108 ³)
317 3019 430 3084 Planci
453 3019 579 3083 litteras
601 3023 692 3104 pacis
713 3021 849 3110 cupidas
872 3024 905 3086 in
929 3030 1043 3087 senatu
1065 3021 1219 3085 recitatas
1233 3017 1285 3103 (of.

187 3124 261 3191 Not.
284 3124 323 3210 ¹),
345 3122 402 3188 sed
423 3131 531 3204 antea,
553 3143 652 3209 quam
673 3124 809 3208 litterae,
831 3124 949 3211 quibus
960 3124 1102 3191 Plancus
1124 3133 1235 3209 aperte
1250 3143 1286 3185 se

188 3247 260 3291 cum
285 3235 400 3291 senatu
422 3227 597 3308 coniunxit,
618 3225 753 3292 Romam
771 3227 903 3313 ,denae
925 3237 1010 3310 sunt,
1034 3228 1188 3312 scriptam
1211 3245 1282 3290 esse

187 3328 443 3395 concludendum
471 3331 539 3396 erit.
591 3330 721 3396 Priores
744 3339 852 3398 autem
874 3332 948 3398 illae
970 3331 1084 3398 Planci
1105 3328 1232 3393 litterae
1255 3347 1286 3390 a.

188 3434 219 3503 d.
234 3433 327 3500 XIII.
343 3431 417 3500 Kal.
432 3431 550 3521 Apr.,⁴)
571 3433 683 3500 eodem
698 3432 761 3516 die,
783 3457 879 3521 quem
894 3443 1026 3523 propter
1042 3433 1173 3498 Pansae
1184 3430 1287 3497 Roma

256 3609 284 3677 1)
301 3605 399 3660 Planci
416 3604 535 3674 litterae,
554 3622 624 3677 quas
643 3604 741 3661 Cloero
760 3606 790 3660 in
808 3622 851 3678 ep.
871 3607 908 3660 ad
927 3605 994 3662 fam.
1017 3607 1056 3670 10,
1075 3601 1285 3660 brehemonter

187 3695 310 3765 castigat
327 3699 436 3764 etpost
453 3691 555 3764 Lepidi
574 3691 682 3747 litteras
705 3701 735 3746 et
755 3703 820 3765 post
840 3691 912 3749 Phil.
936 3693 978 3747 13.
997 3690 1125 3746 habitam
1150 3689 1288 3744 recitatae

184 3798 246 3835 esse
262 3780 402 3846 ridentur,
422 3779 489 3851 quia
508 3778 606 3834 Cicero
624 3780 672 3850 (cf.
691 3781 764 3835 Phil.
785 3782 826 3847 13,
846 3781 890 3849 16)
911 3779 1048 3834 Plancum
1072 3791 1186 3849 quoque
1205 3777 1287 3847 pacis

186 3873 328 3924 auctorem
347 3883 409 3922 esse
428 3865 537 3932 nesciit,
557 3883 621 3921 cum
639 3867 713 3920 hanc
731 3867 886 3921 orationem
906 3866 1019 3920 diceret.

254 3957 282 4026 2)
302 3954 450 4008 Drumann
469 3953 490 4019 1,
510 3953 571 4019 287,
590 3955 657 4019 2883
676 3952 778 4026 Lange
795 3952 846 4019 ΙΙΙ,
865 3956 926 4022 581,
939 3954 1000 4008 532.

255 4044 283 4113 3)
302 4042 348 4096 De
372 4041 465 4096 Pansa
487 4041 626 4096 Mutinam
657 4039 786 4111 profecto
816 4047 845 4092 et
875 4042 910 4093 de
935 4038 1041 4094 Planco
1066 4039 1146 4109 pacis
1171 4043 1287 4091 auctore

185 4128 285 4184 Cicero
304 4135 370 4181 ante
388 4144 432 4198 ep.
451 4128 487 4181 ad
507 4125 713 4197 M.Brut.r,1
733 4128 841 4182 litteras
860 4125 941 4179 nobis
959 4142 1015 4180 non
1035 4124 1153 4179 traditas
1174 4123 1289 4178 dedisse

193 4215 313 4270 videtur.

255 4305 284 4374 4)
304 4303 342 4358 oi.
364 4304 422 4358 tab.
