3140 4762
629 287 839 354 ...25-

193 461 384 528 sententiam
406 479 512 523 meam
535 458 661 524 laudari
685 457 727 522 ab
750 459 898 524 omnihus
912 481 1010 547 quam
1025 481 1045 526 a
1060 462 1172 548 paucis
1186 459 1281 526 hodie

190 564 377 652 vituperati.
435 563 655 649 Quapropter,
685 561 845 646 Quirites,
882 573 1067 652 exspectate
1101 564 1281 651 legatorum

189 669 331 736 reditum
360 673 394 730 et
418 685 594 753 paucorum
617 665 742 732 dierum
762 665 940 734 molestiam
962 668 1142 735 devorate.¹‘
1192 667 1283 750 Quos

191 772 307 858 viginti
328 769 434 856 dies1)
457 768 570 836 Cicero
590 770 801 837 ratiocinatus
823 781 888 850 est,
920 793 993 838 curn
1015 773 1082 838 Ser.
1106 772 1282 858 Sulpicium

193 875 311 940 Rufum
341 884 418 939 ante
447 895 543 960 quam
564 873 741 940 Antonium
771 877 987 958 convenisset,
1016 877 1220 957 moriturum,
1248 875 1283 940 id

196 979 279 1067 quod
310 1002 346 1045 re
375 1000 453 1042 vera
479 976 594 1042 accidit
603 981 639 1064 ,¹)
670 979 780 1064 itaque
809 999 932 1044 moram
961 980 1068 1045 itineri
1098 977 1282 1044 adlaturum

194 1103 265 1148 esse
293 1105 359 1147 non
388 1081 611 1166 suspicaretur.
662 1080 840 1170 Propterea
860 1081 1045 1170 Philippum
1069 1092 1101 1149 et
1122 1084 1283 1166 Pisonem,

196 1186 323 1270 legatos
344 1185 415 1251 illos
437 1187 642 1272 superstites,
674 1187 801 1250 etiamsi
823 1185 943 1251 nullum
966 1187 1053 1252 aliud
1075 1185 1284 1277 computandi

193 1289 347 1376 temporis
368 1288 588 1354 adiumentum
609 1289 672 1354 nisi
694 1289 901 1376 profectionis
922 1289 991 1356 dies
1012 1291 1105 1357 uobis
1128 1292 1282 1356 traditum

195 1401 295 1476 esset,
325 1402 434 1459 tamen
464 1403 521 1459 aut
551 1401 688 1458 exeunte
712 1415 823 1458 mense
844 1393 1003 1460 Januario
1026 1405 1083 1460 aut
1105 1395 1284 1460 Februario

192 1499 322 1562 ineunte
343 1497 480 1562 Romam
508 1497 644 1563 rediisse
669 1494 842 1584 paulloque
867 1506 942 1582 post
962 1497 1005 1560 ad
1028 1508 1174 1562 senatum
1197 1497 1283 1582 lega·

190 1602 314 1668 tionem
334 1603 535 1666 renuntiasse
557 1600 787 1686 colligeremus.
838 1601 992 1665 Attamen
1015 1601 1055 1666 de
1077 1601 1139 1666 hac
1159 1623 1195 1665 ro
1216 1611 1283 1666 tam

191 1703 277 1770 bene
300 1725 361 1769 nos
381 1706 554 1772 instructos
577 1727 647 1770 esse
669 1704 904 1784 contenderim,
935 1713 979 1780 ut,
1001 1701 1175 1771 dummodo
1197 1705 1284 1771 locos

192 1808 353 1896 quosdam
376 1807 541 1874 Ciceronis
570 1819 656 1874 recte
683 1809 767 1874 inter
796 1829 830 1874 se
859 1827 1100 1895 comparemus,
1130 1809 1285 1895 singulos,

193 1911 309 2000 quibus
332 1912 573 1998 delegatorum
595 1911 804 1977 relationibus
825 1911 860 1975 in
882 1921 997 1978 senatu
1020 1924 1127 1979 aetum
1143 1914 1193 1995 sit,
1216 1913 1285 1978 dies

191 2018 390 2102 investigare
410 2017 579 2103 possimus.
602 2055 644 2065 -
667 2016 718 2080 Ac
739 2016 876 2102 primum
899 2016 1029 2104 quidem
1049 2037 1091 2081 ex
1106 2015 1187 2081 Phil.
1203 2020 1234 2098 8,
1249 2016 1286 2081 ds

192 2120 360 2202 „Dilectus
388 2129 456 2184 tota
478 2118 571 2186 Italia
602 2120 722 2185 decreti
751 2118 886 2184 sublatis
907 2119 1150 2200 vacationibus3
1183 2140 1228 2183 sa
1235 2139 1286 2204 ga

197 2245 292 2288 cras
320 2233 549 2304 sumentur3
578 2223 691 2290 consul
720 2246 755 2288 se
776 2245 849 2288 cum
870 2223 1032 2310 praesidio
1056 2224 1286 2288 descensurum

197 2349 267 2394 esse
288 2326 397 2391 dixit.“
417 2328 572 2414 postridie
595 2329 663 2392 eius
679 2327 750 2409 diei,
773 2349 836 2414 quo
852 2325 966 2394 Cicero
982 2337 1132 2394 octavam
1147 2348 1194 2394 or.
1209 2326 1285 2391 Phi-

195 2431 347 2518 lippicam
369 2431 492 2508 hahuit,
515 2455 556 2497 ex
579 2432 856 2498 senatusconsulto
879 2451 959 2518 saga
981 2441 1110 2521 sumpta
1126 2453 1197 2497 esse
1211 2452 1287 2497 con·

193 2536 361 2600 cludimus.
405 2536 569 2624 Deinceps
584 2559 625 2601 ex
641 2537 783 2602 eiusdem
798 2536 953 2604 orationis
969 2534 1001 2626 ξ.
1018 2537 1076 2603 32:
1098 2533 1287 2622 „Equidem

193 2649 304 2728 patres
336 2642 526 2728 conscripti,
556 2661 751 2728 quamquam
780 2639 842 2706 hoc
871 2637 993 2705 honore
1023 2638 1212 2724 (consulari)
1238 2639 1288 2702 usi

194 2746 299 2830 togati
321 2742 426 2810 solent
447 2766 528 2827 esse,
551 2765 624 2810 cum
647 2745 751 2810 estin
774 2743 862 2829 sagis
885 2743 1010 2825 civitas,
1032 2743 1130 2808 statui
1144 2749 1252 2809 tamen
1269 2764 1289 2805 a

196 2919 404 2930 -..—-1

193 2999 234 3056 lla
254 3017 298 3072 ep.
325 3001 362 3055 ad
380 2999 448 3056 fam.
462 3002 504 3069 ll,
517 3003 534 3058 8
545 2999 663 3056 laudata
674 2999 730 3054 iam
742 2999 873 3056 vicesimo
885 3004 951 3076 post
964 3000 1122 3072 legatorum
1136 2997 1289 3056 discessum

199 3085 251 3152 die,
269 3085 286 3140 i.
305 3105 328 3142 c.
348 3085 413 3142 circ.
427 3105 451 3141 a.
471 3087 498 3141 d.
516 3085 548 3142 X.
568 3087 634 3143 Kal.
652 3087 824 3143 Februarias
843 3087 976 3143 scribere.
993 3119 1027 3128 —

265 3173 418 3228 Praeterea
442 3173 546 3228 falsum
571 3181 626 3243 est,
652 3175 727 3248 quod
746 3175 854 3230 Nakius
883 3175 964 3231 dicit:
991 3174 1061 3242 „Ala
1079 3173 1177 3230 cicero
1200 3172 1246 3228 die
1262 3174 1287 3228 8.

197 3259 415 3331 philippaeos
437 3259 519 3326 hielt,
546 3277 640 3316 waren
665 3261 709 3316 die
728 3261 894 3318 Gesandten
919 3261 1024 3319 bereits
1048 3259 1151 3317 wieder
1169 3261 1198 3314 in
1217 3259 1288 3314 Rom

199 3345 290 3416 (vm.
310 3343 338 3421 ξ.
359 3348 416 3412 28),
439 3362 485 3401 am
503 3347 585 3418 Tage
610 3338 697 3404 aanor
720 3353 772 3416 (or.
791 3347 872 3405 VIII.
890 3348 919 3426 ξ.
938 3351 964 3417 1)
987 3352 1057 3405 aber
1079 3353 1143 3419 sagt
1167 3363 1198 3402 er
1215 3345 1288 3401 noch

197 3433 249 3504 (or.
270 3433 335 3488 Vll.
354 3431 383 3508 ξ.
401 3435 461 3504 Pil:
486 3436 572 3507 „quid
591 3436 664 3492 enim
682 3436 770 3508 legati
787 3437 904 3508 egerint,
923 3436 1049 3494 noudum
1068 3436 1188 3490 scimus“
1207 3432 1289 3506 quasi

198 3536 265 3575 vero
284 3520 392 3590 Cicero,
416 3538 480 3578 cum
505 3529 634 3579 octavam
658 3523 814 3579 orationem
831 3523 1018 3596 Philippicam
1046 3523 1090 3578 his
1107 3520 1202 3576 verbis
1220 3519 1288 3576 inci·

197 3612 288 3678 peret:
306 3608 475 3674 „confusius
493 3609 623 3665 hesterno
643 3611 688 3665 die
706 3617 749 3665 est
768 3616 833 3666 acta
850 3626 904 3678 res,
923 3610 953 3664 C.
967 3611 1070 3676 Pansa,
1088 3624 1174 3681 quam
1193 3613 1287 3678 postu·

199 3693 281 3748 labat
304 3694 461 3751 institutum
485 3697 648 3752 consulatus
672 3697 730 3752 tui“
752 3697 844 3770 pridie
862 3702 992 3753 senatum
1008 3697 1087 3753 illum
1106 3695 1208 3762 fuisse,
1233 3711 1289 3767 quo

199 3780 347 3852 septimam
369 3781 558 3857 Phihppiearn
585 3783 687 3840 hahuit
710 3783 921 3857 slguilicaverit.
967 3784 1058 3840 Voces
1080 3783 1144 3838 illas
1166 3782 1289 3850 „conm-

199 3867 257 3922 sius
268 3869 340 3923 Μ’
353 3870 447 3937 potius
458 3870 496 3924 ad
509 3877 644 3938 senatum,
664 3887 720 3943 quo
732 3871 820 3943 legati
832 3873 951 3928 Antonii
963 3873 1100 3928 mandatu
1111 3872 1289 3937 rettulerunt,

199 3955 364 4009 referendas
383 3973 444 4011 esse
463 3958 545 4014 docet
563 3957 635 4014 Phil.
653 3960 678 4026 8,
697 3959 739 4014 20.

270 4044 296 4111 1)
315 4043 374 4098 lter
398 4043 469 4099 illud
487 4045 579 4101 Roma
603 4045 740 4100 Mutinam
764 4061 783 4099 a
805 4044 909 4119 legatis
927 4046 993 4113 illis,
1019 4045 1147 4112 sonibus,
1170 4061 1289 4117 quorum

198 4145 273 4184 unus
295 4130 477 4201 aegrotabat,
502 4149 559 4187 non
585 4133 708 4210 quinque
730 4147 813 4188 serso
832 4133 941 4200 diebus,
960 4139 992 4187 ut
1009 4148 1028 4188 a
1045 4132 1212 4199 tabellariis,
1240 4133 1290 4192 sed

200 4216 305 4272 maiore
323 4219 458 4289 temporis
476 4219 568 4294 spatio
587 4221 745 4275 contectum
763 4235 827 4274 esse
846 4237 903 4275 non
923 4219 1022 4275 mitum
1041 4227 1091 4275 est.

271 4305 301 4375 2)
319 4304 468 4363 Drumaun
487 4309 592 4378 1,249;
611 4305 710 4378 Lange
730 4305 784 4377 III,
803 4308 863 4364 528.
