3140 4762
739 277 949 342 ..42-

298 449 504 538 paragrapho
525 472 633 516 rerum
654 449 863 532 urbanarum,
886 449 997 536 quales
1020 457 1095 517 ante
1116 471 1261 538 pugnam
1284 447 1390 534 apud

296 555 374 618 For
384 575 446 618 um
462 552 680 620 Gallorum
695 553 817 620 Romae
832 561 1029 641 compertam
1045 561 1077 620 et
1091 562 1165 640 post
1174 552 1304 633 fuerint,
1319 551 1390 617 des-

296 657 410 745 criptio
424 659 451 743 ¹)
480 656 534 743 (cf.
557 655 641 724 Phil.
666 656 715 736 14,
739 659 787 737 13,
817 658 872 746 qui
899 655 989 723 locus
1016 657 1105 745 inp.
1127 657 1177 722 39.
1209 657 1391 744 exscriptus

295 762 480 848 invenitur).
523 759 660 844 Deinde,
682 761 777 827 tertia
798 760 1015 850 paragrapho,
1037 759 1151 827 Cicero
1173 759 1216 828 ad
1235 759 1282 828 Μ.
1296 759 1392 824 Bruti

296 886 348 930 res
370 863 625 950 transgreditur,
653 886 756 951 quem,
778 885 851 930 cum
873 864 916 932 Μ.
935 862 1098 930 Antonius
1120 864 1222 930 hostis
1245 862 1287 928 sit
1308 861 1391 928 iudi·

296 969 429 1055 catus,¹)
456 969 554 1035 trium
581 976 689 1033 autem
719 968 854 1034 fratrum
877 967 1093 1034 Antoniorum
1121 990 1189 1035 una
1213 964 1391 1053 eademque

295 1093 396 1137 causa
414 1073 471 1154 sit,
500 1094 542 1137 ne
563 1072 751 1137 clementius
773 1093 844 1137 cum
869 1070 905 1137 O.
929 1070 1071 1138 Antonio
1095 1067 1188 1157 agat,
1210 1093 1390 1137 commone-

294 1175 380 1243 facit
431 1173 540 1262 Atque
568 1175 602 1241 in
631 1174 736 1240 medio
759 1173 820 1240 hoc
843 1175 1073 1242 sententiarum
1097 1197 1231 1256 conexu,
1261 1195 1334 1239 cum
1355 1175 1391 1238 in

295 1278 560 1346 antecedentibus
581 1278 738 1344 victoriae
752 1277 788 1343 M
796 1279 857 1343 uti
867 1300 943 1344 nen
953 1281 1011 1344 sis
1025 1301 1068 1345 ne
1082 1279 1246 1345 levissima
1260 1274 1390 1364 quidem

295 1383 487 1470 significatio
502 1383 713 1467 contineatur,
727 1389 857 1469 praeter
872 1404 998 1448 omnem
1013 1383 1287 1470 exspectationem
1309 1401 1390 1445 nun·

292 1488 358 1553 tius
374 1486 414 1552 de
428 1487 605 1553 Mutinensi
619 1487 741 1576 proelio
756 1486 917 1551 invenitur
932 1485 986 1551 hic
1000 1483 1032 1576 ξ.
1047 1489 1085 1552 4:
1108 1485 1285 1568 „Consules
1300 1483 1390 1566 duos,

293 1591 397 1659 bonos
424 1591 568 1678 quidem,
600 1591 657 1657 sed
686 1589 855 1655 dumtaxat
885 1587 1004 1674 bonos,
1035 1591 1208 1656 amisimus.
1262 1587 1387 1653 Hirtius

293 1695 425 1782 quidem
448 1696 481 1758 in
503 1697 577 1781 ipsa
597 1694 732 1760 victoria
755 1691 881 1772 occidit,
904 1713 978 1756 cum
999 1694 1111 1778 paucis
1134 1693 1248 1776 diebus
1270 1714 1385 1777 magno

292 1797 414 1888 proelio
437 1806 514 1863 ante
534 1798 684 1874 vicisset,
707 1818 783 1860 nam
798 1795 907 1861 Pansa
928 1795 1057 1882 fugerat
1072 1796 1261 1863 vulneribus
1276 1817 1384 1882 aceep-

292 1902 344 1985 tis,
367 1924 450 1988 quae
472 1901 556 1967 ferre
577 1922 643 1966 non
665 1899 777 1987 potuit.
821 1899 985 1987 Reliquias
1006 1899 1147 1966 hostium
1172 1901 1295 1966 Brutus
1316 1921 1382 1986 per-

293 2007 437 2095 sequitur
466 2015 498 2072 et
519 2004 680 2086 ansar.“,
711 2025 795 2090 quae
824 2006 926 2070 verba
950 2005 994 2070 ad
1016 2004 1282 2071 brevissimarum
1305 2005 1378 2069 litte·

292 2132 402 2176 rarum
436 2109 567 2177 modum
605 2109 784 2196 composita
817 2106 977 2194 quomodo
1010 2109 1045 2175 in
1078 2111 1380 2193 argumentationem

292 2213 381 2280 illam
404 2214 445 2279 de
467 2213 504 2279 Ο.
527 2214 670 2280 Antonio
697 2211 840 2278 severius
862 2211 1031 2278 mactando
1054 2211 1229 2298 quadrent,
1259 2213 1384 2278 omnino

291 2339 356 2382 non
378 2316 582 2403 intellegitur.
607 2354 647 2366 —
670 2313 933 2383 Controversiam
955 2314 1108 2382 hocloco
1132 2325 1237 2382 ortam
1251 2324 1288 2380 ut
1302 2323 1386 2380 recte

290 2418 467 2486 dissolvere
495 2421 675 2509 possimus,
706 2419 786 2486 illud
815 2422 922 2486 animo
950 2417 1218 2486 considerandum
1240 2441 1313 2486 esse
1336 2441 1384 2484 ar·

289 2521 407 2589 bitror:
441 2523 477 2589 Si
504 2524 636 2588 nuntius
655 2522 719 2588 'ille
741 2523 781 2588 de
802 2524 924 2609 proelio
946 2521 1123 2588 Mutinensi
1144 2522 1297 2591 hocloco
1320 2544 1384 2588 non

289 2625 498 2714 interpositus
520 2627 570 2708 sit,
592 2649 658 2692 non
680 2626 776 2694 modo
800 2627 977 2693 sententiae
998 2627 1119 2715 optime
1136 2627 1385 2717 progrediantur

291 2729 355 2794 sic:
386 2729 476 2816 „Ego
500 2731 546 2796 sic
569 2732 682 2815 sentio,
703 2731 801 2797 trium
823 2730 958 2795 fratrum
980 2752 1078 2797 unam
1101 2740 1133 2796 et
1155 2731 1291 2798 eandem
1314 2753 1383 2797 esse

289 2853 430 2900 causam.
481 2834 603 2901 Hostes
632 2844 751 2918 eutem,
772 2855 883 2900 omnes
912 2834 1063 2918 iudicati,
1097 2836 1152 2923 qui
1181 2835 1226 2903 M.
1248 2836 1383 2901 Antonii

290 2944 410 3025 sectam
442 2939 543 3002 secuti
571 2947 661 3015 sunt,
693 2940 802 3024 itaque
823 2938 858 3002 id
880 2947 1011 3005 senatus
1034 2939 1217 3005 consultum
1238 2938 1383 3027 plerique

287 3039 543 3126 interpretantur
572 3043 669 3108 etiam
699 3041 741 3106 ad
769 3051 843 3107 tuos
866 3042 934 3106 sive
956 3043 1102 3129 captivos
1125 3044 1193 3108 sive
1216 3042 1383 3109 dediticios

287 3142 485 3229 pertinere.“,
516 3144 573 3210 sed
602 3145 699 3210 etiam
726 3144 796 3209 dies
826 3145 901 3209 huic
923 3146 1079 3233 epistulae
1102 3147 1299 3236 adscriptus:
1321 3146 1383 3230 ‚,X.

288 3245 329 3313 K.
350 3245 485 3328 Maias“,
516 3268 611 3335 quem
641 3249 801 3335 corrigere
825 3271 890 3314 non
911 3258 1108 3336 poteramus,
1137 3273 1202 3317 non
1224 3253 1290 3316 iam
1314 3273 1382 3317 cor·

287 3358 415 3436 ruptus,
449 3350 506 3414 sed
532 3351 730 3418 rectissimus
759 3353 888 3418 videtur
916 3375 1004 3435 esse,
1035 3354 1188 3441 quoniam
1209 3354 1251 3420 de
1272 3376 1384 3443 pugna

161 3457 164 3463 '
288 3453 375 3538 apud
404 3455 527 3520 Forum
556 3455 723 3523 Gallorum
757 3458 929 3522 commisse
958 3458 1090 3522 nuntius
1120 3481 1147 3523 a.
1182 3456 1211 3525 d.
1241 3456 1318 3524 XII.
1341 3456 1382 3524 Κ.

288 3554 395 3621 Maias
409 3557 545 3624 Romam
566 3561 753 3649 pervenit,²)
774 3560 820 3627 M.
836 3561 997 3644 Antonius
1020 3569 1136 3643 autem,
1158 3561 1192 3626 id
1208 3561 1295 3647 quod
1309 3569 1382 3651 post

360 3765 388 3833 1)
406 3763 463 3820 Gur
490 3764 588 3822 Cicero
606 3770 639 3822 ut
658 3763 688 3820 in
708 3765 762 3821 hac
780 3765 902 3838 epistula
919 3781 1045 3838 pugnam
1063 3767 1141 3839 apud
1159 3766 1264 3823 rorum
1284 3767 1379 3824 Gallo·

289 3866 351 3904 rum
373 3852 548 3906 commissam
567 3858 596 3908 et
613 3851 651 3906 M.
669 3851 823 3908 Antonium
841 3853 951 3908 bostem
970 3853 1125 3910 iudicatum
1143 3870 1214 3924 esse,
1237 3854 1277 3909 sic
1294 3853 1378 3908 etiam

288 3937 317 3992 in
339 3938 403 3992 aliis
428 3939 555 4010 epistulis
578 3955 624 3994 res
646 3944 744 4012 gestas
767 3957 824 3996 non
842 3945 951 4011 namet,
969 3941 1020 3997 sed
1038 3941 1232 3997 tantummodo
1250 3942 1379 4008 illustret,

287 4024 422 4080 facillime
444 4026 632 4097 cognoscitur.
673 4028 748 4081 Acts
769 4027 844 4082 enim
867 4034 981 4083 senatus
1004 4034 1033 4084 et
1050 4029 1087 4086 Μ.
1106 4029 1195 4086 Bruto
1217 4034 1246 4084 et
1264 4028 1379 4100 reliquis

287 4105 328 4166 ret
351 4112 483 4184 publicae
504 4113 720 4185 inperatoribus
741 4114 815 4170 mne
838 4114 946 4170 sciebat
968 4117 1002 4174 ef.
1027 4116 1066 4171 ae
1088 4103 1126 4173 tr.
1155 4118 1234 4174 emt.
1260 4117 1286 4183 a,
1305 4119 1329 4182 1,
1346 4117 1377 4184 ³3

287 4199 411 4264 anae
432 4199 970 4271 fam.10,7,1;11,25,1;12‚9,1.

356 4287 383 4352 2)
402 4288 437 4342 cf.
455 4293 478 4356 ξ,
496 4289 525 4360 23
544 4287 644 4370 Lange
660 4289 709 4362 III,
727 4289 787 4350 534.
