3140 4762
631 297 757 364 ..41
796 312 845 348 ,-

196 466 355 532 seeundse
378 469 534 558 epistulae
556 476 685 559 tempus
706 469 967 536 circumscribere
993 491 1058 535 non
1080 469 1223 557 potuisse
1247 492 1288 536 ex

194 572 402 658 sequentibus
425 571 616 638 intellecturi
639 574 711 640 sint.
735 609 775 622 -

279 673 336 738 De
359 673 547 762 epistula
569 675 617 741 sd
638 675 683 741 M.
704 674 812 740 Brut.
838 678 908 761 1,3
931 677 1076 764 quaestio
1100 674 1288 742 difficillima

194 785 256 857 est,
281 797 378 866 quam
399 771 463 843 nisi
485 779 645 846 sententia
666 789 777 846 nostre
799 780 839 846 de
860 789 1022 870 tempore,
1048 801 1111 867 quo
1131 779 1289 866 proelium

194 880 377 947 Mutinense
399 883 605 949 commissum
628 892 724 971 etque
746 885 787 950 D.
803 883 930 950 Brutus
946 883 1100 949 liberatus
1123 883 1174 964 sit,
1195 905 1287 972 prse-

193 983 293 1048 misse
315 982 492 1051 diiudicare
515 1008 579 1052 non
601 1007 783 1074 possumus.
831 987 940 1073 Atque
963 1023 1004 1036 -
1025 1009 1067 1052 ne
1089 986 1204 1072 longus
1228 992 1288 1052 sim

194 1123 236 1134 -
259 1087 406 1174 equidem
430 1089 556 1155 duabus
577 1091 718 1156 maxime
742 1090 889 1176 epistulis
912 1088 955 1155 ed
976 1089 1052 1155 fem.
1077 1091 1127 1171 11,
1149 1091 1169 1155 9
1192 1098 1224 1155 11
1247 1090 1289 1154 sd

193 1189 268 1254 l'sm.
293 1193 342 1273 11,
367 1193 407 1258 13
435 1193 520 1258 inter
546 1216 582 1260 se
603 1195 798 1282 comparetis
821 1216 1037 1278 commoveor,
1069 1203 1105 1260 ut
1126 1193 1289 1260 Drumen·

196 1293 314 1383 num‚²)
334 1293 526 1382 Peterum,')
544 1295 726 1384 Nnkium‚³)
742 1297 832 1379 elios,
847 1298 902 1386 qui
915 1319 1059 1385 pugnam
1074 1297 1290 1362 Mutinensem

194 1418 222 1463 1.
250 1394 281 1460 (1.
313 1397 351 1462 V.
381 1398 456 1465 Ksl.
485 1401 590 1466 Maias
628 1401 748 1468 lectam
776 1423 846 1467 esse
878 1402 1070 1488 opinantur,
1109 1401 1291 1488 sequendos

197 1509 315 1586 putem.
338 1537 380 1552 -

278 1602 350 1668 Iam
372 1605 550 1687 videamus,
572 1607 651 1694 quid
673 1608 713 1673 de
736 1609 875 1695 epistula
892 1607 935 1674 ed
950 1607 993 1672 Μ.
1009 1609 1100 1674 Brut.
1118 1609 1146 1690 1,
1162 1607 1192 1686 3,
1207 1626 1290 1692 quse

194 1706 235 1770 iis
257 1706 335 1772 viris
358 1705 472 1791 doctis,
499 1711 561 1795 qui·
576 1719 679 1776 totum
701 1710 815 1776 herum
838 1710 1048 1800 epistularum
1070 1730 1189 1798 corpus
1209 1717 1291 1774 tem·

196 1830 294 1896 quem
316 1811 461 1897 spurium
483 1823 698 1894 contemnunt,
721 1815 892 1902 plurimam
913 1814 1105 1903 suspicionis
1120 1813 1290 1880 materiem

195 1912 356 1999 praebuit,
379 1916 585 1982 statuendum
608 1918 658 1982 sit.
682 1953 722 1966 -

278 2016 332 2082 Ex
346 2039 473 2105 persgr.
489 2021 527 2084 4:
550 2019 727 2100 „Consules
743 2020 833 2102 duos,
854 2018 958 2088 bonos
973 2019 1110 2107 quidem,
1126 2017 1183 2084 sed
1198 2017 1289 2084 dum·

195 2129 289 2186 texet
318 2120 438 2203 bonos,
468 2124 642 2190 emisimus.
694 2123 821 2190 Hirtius
851 2124 980 2211 quidem
1005 2123 1133 2212 inipso
1154 2120 1291 2188 victoris

196 2223 329 2306 occidit,
359 2247 433 2290 cum
462 2227 575 2313 paucis
604 2227 719 2294 diebus
740 2250 859 2314 magno
881 2227 1002 2314 proelio
1026 2233 1102 2292 ante
1123 2225 1289 2304 vicisset‘3

196 2329 376 2395 necessario
414 2335 498 2396 hanc
529 2329 702 2419 epistulam
734 2333 887 2418 scriptam
917 2352 988 2396 esse
1017 2337 1092 2416 post
1120 2327 1291 2394 victoriam

195 2433 411 2500 Mutinensem
430 2442 528 2522 etque
549 2435 715 2501 consulum
740 2445 875 2502 mortem
890 2435 1013 2502 Romae
1028 2433 1190 2520 cognitum
1205 2429 1292 2496 oolli-

193 2539 287 2625 gitur.
344 2536 428 2604 (lum
460 2560 537 2604 vero
568 2537 725 2626 proelium
746 2539 929 2606 Mutinense
951 2562 980 2604 e.
1003 2538 1033 2606 d.
1058 2537 1096 2604 V.
1119 2535 1161 2604 K.
1184 2534 1291 2600 Maias

193 2642 399 2710 commissum
428 2641 484 2724 sit,
517 2642 676 2728 quomodo
704 2665 777 2708 cum
807 2642 869 2709 hoc
897 2642 948 2708 die
977 2642 1046 2708 dies
1076 2640 1129 2706 ills
1156 2637 1217 2720 ‚‚X.
1248 2635 1291 2702 K.

193 2746 327 2827 Msiss“‚
342 2745 399 2832 qui
412 2743 569 2833 epistulae
587 2749 613 2824 l,
628 2746 648 2811 3
665 2745 848 2835 adscriptus
862 2755 920 2827 est,
932 2743 1104 2830 congruit?
1134 2741 1291 2825 Longius,

197 2851 252 2937 qui
279 2851 330 2914 vir
360 2848 474 2914 doctus
501 2849 670 2913 victoriam
691 2849 907 2936 Mutinensem
936 2849 1044 2936 priore
1066 2844 1206 2934 quodem
1228 2842 1291 2919 die,

197 2956 269 3020 ciro.
298 2953 357 3018 XI.
385 2950 428 3020 K.
459 2951 582 3032 Maias,
617 2960 814 3040 reportatam
844 2975 915 3018 esse
945 2950 1172 3036 arbitretur,⁴)
1206 2947 1291 3014 diem

197 3055 354 3144 epistulae
374 3054 573 3142 adscriptum
595 3055 655 3136 „X.
678 3056 718 3120 Κ.
734 3056 859 3122 Mnins“
881 3064 1068 3142 corruptum
1089 3075 1161 3120 esse
1183 3058 1294 3116 censet

197 3183 300 3248 neque
330 3168 438 3224 temen
468 3159 628 3246 quomodo
658 3160 867 3244 corrigendus
897 3162 938 3227 sit
959 3157 1125 3224 indicavit.
1178 3155 1229 3219 Ac
1250 3173 1292 3218 ne

196 3264 334 3352 proferri
354 3263 483 3349 quidem
493 3287 495 3294 ·
506 3272 612 3350 potest
634 3271 745 3328 nostre
761 3264 921 3330 sententie
936 3261 1113 3350 probabilis
1129 3258 1294 3337 correctio,

198 3369 349 3456 qnoniam
380 3367 462 3432 eliae
494 3367 705 3451 gravissimae
727 3365 761 3430 in
783 3365 845 3431 hnc
867 3368 1005 3456 epistula
1025 3368 1137 3433 insunt
1158 3361 1307 3453 difficulg

198 3479 291 3537 11111.
334 3469 428 3550 Nem,
450 3478 540 3535 estne
565 3469 737 3536 verisimile
759 3469 948 3540 Ciceronem
969 3471 1013 3537 M.
1037 3468 1175 3536 Antonio
1198 3465 1294 3552 plene
1421 3479 1423 3484 ·

198 3575 321 3659 fugato,
347 3573 388 3641 D.
410 3572 512 3639 Bruto
535 3594 556 3637 1
577 3573 859 3659 perieuliosiesime
881 3573 1046 3640 obsidione
1067 3572 1202 3638 liberato
1226 3567 1291 3654 epi·

198 3677 314 3744 stolam
343 3675 385 3741 ad
408 3677 451 3744 M.
474 3676 611 3741 Brutum
641 3675 691 3741 his
713 3676 846 3742 vocibus
869 3679 947 3744 setis
969 3676 1097 3763 frigidis
1118 3672 1293 3760 incepisse:

197 3782 354 3864 „Nostrae
382 3801 434 3845 ree
465 3779 596 3844 meliore
625 3781 694 3846 loco
722 3779 964 3848 videbantur‘?
1016 3779 1169 3867 Sequitur
1191 3775 1293 3843 altere

198 3956 406 3967 —-——--————

269 4058 295 4127 1)
314 4054 464 4109 Drumsnn
483 4055 504 4121 l,
523 4056 583 4111 309.

267 4143 297 4216 2)
314 4143 408 4207 Peter,
426 4140 595 4206 „Zeittsleln
614 4141 664 4196 der
681 4141 812 4198 rdmisclr.
832 4141 1020 4199 Geschichte“
1039 4159 1068 4214 p.
1086 4143 1128 4198 86.

267 4219 297 4301 e)
314 4229 405 4296 uase,
423 4228 485 4295 „ne
504 4228 605 4284 Planci
623 4231 652 4284 et
671 4229 815 4287 ciceronis
833 4231 917 4302 appr
936 4249 965 4302 p.
987 4231 1026 4296 rr,
1046 4229 1129 4284 snm.

267 4319 297 4390 4)
314 4318 413 4390 Lange
431 4314 480 4384 ΠΙ.
498 4315 558 4385 sel,
578 4317 603 4373 1.
