3140 4762
728 264 941 330 -24-

377 436 1386 524 Wesonberg:„SenRomaemenseFebruarioau.c.ill.“

373 541 592 627 Quaecunque
615 540 655 606 de
684 550 844 627 tempore,
875 561 939 628 quo
970 539 1051 608 haec
1072 541 1209 628 epistula
1232 541 1310 608 data
1335 543 1385 622 sit,

289 645 574 711 Ciceronianamm
590 644 799 730 epistularum
815 644 953 710 editores
969 654 1172 726 censuerunt,
1192 644 1287 710 valde
1300 647 1386 710 inter

290 771 324 815 se
348 749 541 835 discrepent,
562 765 636 814 cum
658 748 713 814 alii
736 769 863 830 ,meuse
878 748 1071 830 tenuerim,
1101 747 1156 812 alii
1171 769 1301 830 „mense
1324 748 1386 813 Pe·

291 852 439 918 bruario“
455 850 694 938 adscripserint.
738 852 777 917 In
792 851 932 918 Gruberi
947 861 1054 918 autem
1069 851 1314 918 ratiocinatione
1329 873 1386 915 sex

291 954 445 1044 epistulas
483 957 577 1042 quasi
613 977 677 1022 uno
714 955 842 1021 vinculo
879 955 1118 1043 complectentis
1155 977 1193 1020 eo
1229 954 1386 1040 imprimis

291 1058 446 1141 offendor,
467 1057 564 1146 quod,
585 1079 725 1146 quonam
746 1059 817 1124 iure
838 1058 892 1128 bic
913 1061 965 1124 vir
985 1059 1099 1125 doctus
1115 1058 1201 1124 diem
1215 1058 1385 1145 septimum

291 1170 367 1228 ante
381 1160 459 1227 Idus
474 1159 671 1228 Februarias
695 1183 735 1226 ex
757 1184 807 1248 ep.
831 1163 874 1228 ad
888 1162 964 1226 farn.
978 1163 1010 1245 9,
1026 1165 1067 1230 24
1077 1191 1078 1194 ¹
1088 1162 1291 1247 desumptum
1307 1169 1387 1226 tam·

292 1285 389 1352 quam
419 1265 609 1348 terminum,
637 1274 712 1330 ante
741 1287 835 1352 quem
857 1273 927 1330 tota
947 1264 1075 1330 illarum
1098 1287 1155 1329 sex
1179 1263 1387 1350 epistularum

291 1369 391 1434 series
406 1368 526 1456 scripta
542 1369 593 1450 sit,
607 1369 792 1450 constituat,
807 1367 937 1434 omnino
952 1391 1016 1436 non
1031 1367 1234 1452 intellegitur.
1267 1366 1388 1449 Quam·

291 1471 401 1540 obrem
425 1470 564 1538 Grubcri
586 1472 858 1561 computationem
879 1481 967 1538 certo
992 1473 1203 1538 fundamento
1225 1480 1389 1536 carentem

290 1577 456 1642 mittamus
480 1585 590 1663 atque,
622 1577 698 1664 quid
720 1576 783 1662 ipsi
806 1575 845 1640 de
868 1574 1012 1661 epistulis
1034 1574 1098 1640 illis
1121 1583 1262 1640 statuere
1284 1576 1386 1659 possi·

292 1701 375 1758 mus,
396 1678 573 1744 videamus.
597 1717 639 1728 -υ

378 1781 417 1844 ln
439 1781 606 1868 epistulae,
629 1781 669 1846 de
692 1803 756 1869 qua
777 1781 903 1866 agitur,
933 1802 1062 1867 paragr.
1084 1782 1188 1867 prima
1210 1781 1290 1848 haec
1311 1783 1388 1865 legi-

293 1906 382 1952 mus:
405 1883 513 1966 „Nihil
536 1893 645 1950 autem
666 1883 792 1950 foedius
806 1883 956 1972 Phihppo
972 1895 1003 1949 et
1016 1884 1146 1967 Pisone,
1169 1883 1293 1970 legatis,
1309 1885 1388 1950 nihil

292 1987 501 2074 flagitiosius3
531 1990 587 2076 qui
612 2011 687 2054 eum
709 1995 817 2054 essent
838 1988 944 2067 missi,
974 1995 1009 2052 ut
1031 1987 1173 2054 Antonio
1196 2012 1235 2053 cx
1256 1997 1384 2052 senatus

294 2092 455 2158 sententia
484 2102 590 2158 certas
619 2115 671 2160 res
702 2092 945 2173 denuntiarent,
976 2112 1048 2154 cum
1071 2089 1123 2154 ille
1148 2112 1384 2157 serumserum

297 2195 376 2259 nulli
399 2198 567 2283 paruisset,
597 2196 681 2263 ultro
704 2194 745 2260 ab
768 2195 822 2261 illo
845 2194 889 2259 ad
910 2216 969 2259 nos
991 2192 1208 2259 intolerabilia
1228 2195 1389 2282 postulata

293 2297 504 2363 rettulerunt‘
525 2300 641 2387 quibus
666 2321 684 2364 e
705 2297 814 2362 verbis
827 2295 1014 2385 Philippum
1036 2306 1068 2362 et
1083 2297 1242 2380 Pisonem,
1265 2298 1389 2384 legatos

296 2402 338 2466 ad
360 2401 404 2469 M.
428 2402 604 2467 Antonium
626 2402 786 2467 Mutinam
809 2400 935 2483 missos,
965 2409 1043 2484 tum,
1073 2422 1145 2465 eum
1168 2400 1283 2467 Cicero
1306 2402 1389 2467 hane

295 2503 466 2589 epistulam
488 2504 652 2580 scriberet,
674 2506 739 2568 iem
754 2503 890 2570 Romam
911 2502 1047 2570 rediisse
1069 2505 1258 2592 senatuique
1279 2528 1331 2570 res
1347 2506 1388 2571 ab

295 2607 438 2673 Antonio
467 2606 528 2672 sibi
557 2607 728 2673 mandatas
757 2608 964 2674 denuntiasse
985 2609 1197 2693 cognoscitur.
1245 2608 1390 2674 Primum

296 2711 410 2794 igitur,
448 2732 588 2800 quonam
624 2718 768 2798 tempore
803 2711 902 2796 legati
937 2709 983 2776 illi
1018 2711 1155 2778 Romam
1190 2714 1389 2796 reverterint,

298 2815 469 2900 quaeritur.
492 2851 535 2862 -

382 2916 421 2981 L.
444 2915 587 2982 Marcius
609 2917 780 3005 Philippus
800 2925 833 2982 et
855 2915 894 2982 L.
918 2915 1114 3005 Calpurnius
1128 2920 1204 2986 Piso
1227 2941 1294 2984 una
1316 2941 1390 2984 cum

298 3018 366 3087 Ser.
391 3019 532 3107 Sulpicio
554 3020 639 3087 Rufo
669 3019 764 3086 valde
786 3029 918 3105 aegroto
940 3021 1042 3100 Nonis
1064 3021 1231 3088 Januariis
1254 3023 1298 3088 ad
1320 3024 1386 3088 An·

297 3121 430 3204 tomum,
453 3122 508 3209 qui
523 3123 564 3188 D.
581 3123 718 3189 Brutum
732 3123 859 3190 Mutina
880 3123 1040 3190 inclusum
1055 3124 1234 3210 obsidebat,
1256 3127 1391 3213 proiecti

299 3225 420 3311 sunt31)
451 3247 490 3290 ac
512 3224 626 3294 Oioero
648 3228 776 3314 quidem
800 3249 855 3293 eos
878 3229 950 3294 circ.
971 3228 1089 3312 viginti
1111 3229 1224 3295 diebus
1245 3240 1320 3318 post
1340 3253 1389 3296 re·

297 3328 420 3394 dituros
442 3351 513 3394 esse
536 3327 613 3393 dicit
633 3329 717 3398 Phil.
739 3332 769 3412 6,
792 3332 880 3416 162²)
902 3329 1022 3412 „Malui
1044 3332 1160 3418 viginti
1181 3334 1295 3400 diebus
1317 3342 1391 3420 post

368 3585 563 3650 normann
581 3586 606 3652 1,
624 3587 776 3653 242-245ς
794 3587 890 3659 hange
908 3587 960 3652 111,
980 3590 1042 3652 522,
1061 3590 1120 3645 523.

366 3671 394 3742 2)
412 3671 476 3727 Hoc
500 3689 533 3728 ex
555 3673 617 3729 loco
639 3673 807 3746 intelligitur
824 3672 947 3730 Nakium
970 3691 1027 3730 non
1045 3691 1160 3746 prorsus
1178 3682 1255 3732 recte
1272 3679 1393 3751 tempus,

297 3774 353 3830 quo
377 3773 421 3830 ep.
448 3758 485 3816 ad
504 3759 569 3816 fam.
594 3761 634 3826 11,
653 3761 670 3816 8
696 3761 734 3816 ad
752 3761 790 3817 D.
808 3762 927 3817 Brutum
953 3761 1021 3815 data
1040 3762 1083 3832 sit,
1103 3762 1257 3832 definiisse,
1280 3781 1344 3820 cum
1362 3765 1392 3819 in

295 3845 383 3914 libro,
409 3845 459 3918 qui
481 3846 646 3902 inscribitur
668 3846 747 3918 „Der
769 3847 970 3904 Briefwechsel
992 3848 1132 3906 awischeu
1152 3849 1251 3908 Cicero
1279 3851 1338 3908 und
1356 3850 1392 3907 D.

296 3931 422 3990 Brutus“
441 3952 469 4005 p.
492 3935 523 3987 ll
547 3949 581 3988 ex
603 3931 697 3988 verbis
716 3933 791 3990 illius
811 3934 950 4008 epistulae
968 3933 1058 3991 hisce:
1084 3937 1196 4004 „omnia
1219 3939 1293 3994 enim
1311 3945 1393 3994 erant

298 4037 437 4093 suspensa
455 4024 571 4091 propter
589 4020 825 4092 exspectationem
838 4023 1009 4094 legatorum,
1028 4010 1155 4096 quiquid
1169 4027 1298 4098 egissent,
1312 4027 1394 4081 nihil·

299 4107 366 4162 dum
384 4107 596 4162 nuntiabatur.“
619 4108 776 4163 concludit:
801 4109 880 4179 „Der
898 4111 923 4164 8.
944 4109 1025 4164 Brief
1046 4111 1095 4165 des
1114 4111 1167 4170 XI.
1187 4113 1298 4168 Buches
1317 4131 1393 4168 muss

296 4191 460 4249 frithestens
484 4194 514 4250 in
540 4195 595 4249 den
620 4194 754 4250 letaten
774 4196 874 4269 Tagen
892 4197 941 4252 des
960 4197 1083 4266 danuar,
1103 4203 1261 4271 spiitestens
1280 4201 1317 4256 im
1335 4201 1393 4254 An-

298 4280 385 4352 tange
410 4281 459 4337 des
483 4282 612 4337 Februar
637 4281 825 4354 geschrieben
846 4285 932 4341 scin.“
975 4284 1072 4342 Potuit
1094 4286 1169 4342 enim
1186 4286 1284 4344 Cicero
1305 4287 1395 4344 verba
