3140 4762
670 273 933 373 “5¹“.

310 447 473 512 Baiter:
497 441 582 524 „Sca
604 443 727 510 Romae
747 464 859 508 mense
879 443 979 509 Junio
1003 467 1032 512 a.
1055 467 1087 514 ιι.
1109 467 1134 514 c.
1158 447 1248 513 711.“

310 546 584 631 Wesenberg:
618 544 705 626 „Son
728 545 849 612 Romae
871 568 980 613 menso
1001 547 1099 615 Junio
1122 550 1211 636 (post
1233 550 1323 618 VIII.
1447 551 1450 560 '

225 652 272 722 ld.
312 676 340 720 a.
364 674 393 717 ιι.
417 673 442 716 c.
467 651 560 716 '1115‘

275 655 288 740 )
312 754 395 822 (lum
427 777 468 820 ex
489 753 613 840 primae
634 771 765 840 paragr.
786 750 896 816 verbis
917 752 1020 819 hisce:
1055 754 1187 835 „Scelus
1208 756 1323 824 adfinis

226 859 273 924 tui
286 859 403 946 Lepidi
426 877 646 941 summamque
668 855 834 920 levitatem
856 863 888 919 et
909 855 1161 925 inconstantiam
1176 881 1217 926 ex
1232 862 1325 945 actis,

226 983 309 1050 quae
336 961 379 1028 ad
408 969 441 1026 te
470 961 553 1025 mitti
579 967 668 1025 certo
698 959 764 1023 scio
793 979 954 1043 cognosse
975 969 1008 1027 te
1030 961 1185 1029 arbitror:
1214 965 1323 1052 itaque

226 1089 285 1133 nos
307 1064 453 1133 confecto
476 1062 572 1145 bello,
593 1071 629 1127 ut
652 1060 901 1147 arbitrabamur,
925 1074 1117 1131 renovatum
1132 1066 1252 1132 bellum
1267 1089 1319 1153 ge·

225 1171 325 1236 rimus
349 1173 427 1235 etc.“
457 1167 542 1232 hanc
564 1165 734 1252 epistulam
753 1173 827 1253 post
849 1167 984 1234 Antonii
1012 1191 1084 1234 cum
1105 1168 1224 1256 Lepidi
1246 1193 1321 1236 con-

224 1275 420 1340 iunctionem
435 1271 556 1336 Romae
579 1270 743 1355 cognitam
766 1291 835 1334 esse
860 1270 971 1336 datam
993 1271 1249 1339 concludendum
1272 1276 1322 1355 sit,

226 1376 374 1444 Grubero
398 1374 618 1453 assentiemur,
641 1374 695 1460 qui
719 1395 791 1438 eam
813 1373 886 1440 circ.
910 1372 957 1443 Id.
976 1374 1052 1442 Jun.
1076 1376 1229 1463 scriptam
1252 1399 1322 1443 esse

226 1479 397 1546 contendit.
451 1477 536 1542 Nam
573 1498 645 1541 cum
682 1499 742 1565 per
777 1499 811 1542 se
849 1477 1022 1544 verisimile
1057 1479 1099 1544 sit
1131 1477 1322 1548 Ciceronem

225 1583 376 1651 Cassium
399 1581 439 1645 de
461 1581 508 1646 rei
530 1579 681 1668 publicae
704 1579 892 1646 condicione
914 1579 1031 1669 Lepidi
1058 1583 1177 1649 scelere
1198 1587 1321 1673 pericu-

222 1687 384 1754 losissima
405 1706 502 1770 quam
525 1685 688 1750 celerrime
710 1685 878 1751 certiorem
899 1686 969 1752 fieri
990 1685 1140 1771 voluisse,
1163 1696 1231 1752 tum
1253 1691 1319 1777 epi-

225 1789 343 1856 stulam
372 1787 415 1853 ad
436 1788 513 1857 fam.
538 1789 588 1872 12,
611 1791 631 1856 8
661 1796 833 1876 propterea
861 1811 927 1854 non
954 1788 1053 1855 multo
1076 1800 1150 1878 post
1173 1790 1222 1860 Id.
1244 1793 1320 1861 Jun.

225 1896 378 1981 scriptam
400 1913 471 1958 esse
492 1890 689 1978 putabimus,
711 1892 798 1976 quod
819 1894 903 1959 inter
925 1891 972 1959 Id.
996 1893 1070 1959 Jun.
1094 1903 1125 1959 et
1146 1895 1230 1983 prid.
1244 1896 1320 1962 Kal.

224 1998 350 2081 Quint,
388 2017 451 2082 quo
491 1993 543 2059 die
573 1992 717 2081 Lepidus
749 2016 769 2058 a
800 2004 914 2061 senatu
940 1995 1044 2062 hostis
1073 1997 1233 2064 iudicatus
1261 2010 1319 2081 est,

223 2123 311 2166 nona
333 2119 460 2186 quoque
476 2096 620 2162 eiusdem
635 2095 708 2162 libri
723 2097 862 2185 epistula
876 2097 1050 2165 inserenda
1065 2108 1124 2169 est.
1140 2101 1193 2187 (cf.
1208 2102 1319 2189 infra.)

398 2267 465 2368 Ilp·
489 2268 531 2336 ad
552 2268 639 2336 lam·
663 2269 716 2346 12,
739 2269 783 2336 9:
817 2269 936 2336 Cicero
963 2267 1084 2338 Cassio
1107 2271 1144 2337 S.

308 2390 485 2458 Schuetz
496 2392 577 2457 ius:
593 2390 679 2471 „Ser
695 2391 817 2457 Romae
835 2388 1053 2456 menseJunio
1069 2391 1109 2455 A.
1122 2390 1161 2457 U.
1176 2390 1213 2462 O.
1225 2392 1319 2462 710ss

309 2494 490 2560 Gruber:
513 2495 552 2560 cf.
577 2516 675 2582 supra
695 2517 727 2581 p.
750 2495 801 2560 50.
836 2543 839 2550 .

307 2599 469 2664 Baiter:
491 2598 578 2679 „Sor
599 2597 720 2664 Romae
743 2620 853 2662 mense
874 2595 974 2662 Junio
997 2618 1025 2661 a.
1048 2618 1081 2664 u.
1104 2619 1129 2662 c.
1152 2599 1246 2664 tnr‘

308 2700 577 2786 Wesenberg:
600 2700 690 2785 „Sca
705 2701 828 2768 Romae
849 2721 959 2764 mense
973 2699 1072 2766 Junio
1092 2722 1120 2768 a.
1136 2723 1166 2766 ιι.
1181 2723 1208 2767 c.
1225 2703 1318 2771 711.κ

306 2805 402 2871 Hanc
424 2803 595 2891 epistulam
611 2804 723 2884 serius,
743 2825 841 2889 quam
856 2801 999 2868 eiusdem
1015 2802 1088 2888 libri
1103 2803 1272 2891 epistulam
1287 2807 1316 2873 8.

224 2910 337 2976 Cicero
361 2907 506 2974 dedissse
528 2906 665 2989 videtur,
687 2906 839 2993 quoniam
856 2904 973 2992 Lepidi
995 2906 1131 2992 perfidia
1152 2931 1217 2974 non
1236 2921 1316 2976 tam-

224 3033 320 3100 quam
340 3014 416 3078 novi
440 3011 560 3098 aliquid
583 3011 696 3098 primis
717 3007 836 3091 verbis,
857 3008 946 3075 velut
966 3009 1001 3074 in
1020 3009 1159 3096 epistula
1181 3013 1220 3095 8.,
1242 3037 1315 3078 uar-

223 3123 326 3196 ratur‚
356 3113 467 3180 sedin
488 3115 596 3181 media
620 3112 757 3201 epistula
778 3112 1000 3178 tantummodo
1022 3114 1174 3198 tangitur.
1228 3117 1314 3180 Exa-

221 3217 308 3285 ravit
336 3223 444 3281 autem
466 3215 580 3285 Cicero
612 3216 785 3307 epistulam
814 3217 857 3298 9.‚
890 3237 955 3302 qua
983 3218 1113 3282 omnino
1137 3216 1217 3282 nihil
1238 3220 1315 3285 novi

222 3320 336 3387 Cassio
358 3319 541 3405 nuntiatur,
572 3322 626 3408 (cf.
649 3317 681 3410 §
707 3324 736 3386 1:
760 3342 842 3402 „non
866 3321 944 3384 satis
966 3322 1113 3404 occurrit,
1136 3320 1214 3408 quid
1238 3325 1313 3388 scri·

220 3423 328 3511 bam“)
349 3433 386 3489 ut
407 3421 450 3488 ad
472 3423 602 3491 brevem
625 3423 788 3515 quandam
803 3422 909 3489 Cassii
932 3422 1103 3511 epistulam
1126 3422 1187 3489 sibi
1209 3424 1314 3489 reddi·

220 3535 287 3592 tam
309 3525 431 3614 aliquid
446 3528 636 3597 rescriberet
649 3530 704 3616 (cf.
721 3532 750 3612 ξ.
770 3531 782 3592 1
796 3555 803 3592 :
826 3526 977 3592 Brevitas
993 3534 1121 3591 tuarum
1135 3526 1314 3593 litterarum

220 3653 271 3695 me
297 3651 425 3718 quoque
447 3630 627 3700 breviorem
648 3635 681 3698 in
703 3629 875 3697 scribendo
897 3630 1016 3717 facit“).
1069 3629 1185 3696 Utrum
1206 3639 1314 3696 autem

219 3758 269 3823 ep.
293 3734 336 3799 ad
357 3733 434 3802 fam.
457 3734 507 3814 12,
529 3735 549 3799 9
571 3735 614 3800 ad
645 3733 780 3801 alteram
810 3735 948 3800 duarum
969 3733 1095 3800 illarum
1119 3732 1226 3800 Cassii
1249 3737 1314 3823 epi-

220 3837 394 3919 stularum,
424 3858 508 3922 quae
538 3859 579 3902 ex
608 3836 669 3903 hoc
699 3848 842 3927 tempore
867 3837 962 3903 nobis
986 3846 1175 3924 supersunt,
1207 3860 1249 3902 an
1272 3838 1314 3902 ad

220 3939 421 4028 deperditam
443 3939 608 4026 quandam
628 3940 829 4026 respondeat,
852 3963 918 4007 non
940 3940 1050 4028 liquet.
1100 3940 1185 4005 Nam
1208 3937 1314 4005 Cassii

221 4067 272 4133 ep.
302 4041 344 4108 ad
366 4042 441 4110 fam.
468 4043 516 4126 12,
542 4044 590 4116 11,
619 4063 703 4130 quae
737 4043 805 4112 sola
816 4045 841 4132 ¹)
872 4045 913 4109 de
942 4044 1068 4110 duabus
1095 4043 1157 4109 illis
1187 4043 1314 4108 traditis

290 4203 317 4273 1)
335 4200 382 4256 Ad
405 4199 523 4254 alteram
542 4198 691 4270 epletulam
710 4201 747 4255 ad
765 4201 832 4255 fam.
852 4201 893 4266 12,
913 4199 946 4254 12
964 4199 1109 4256 Olceronis
1127 4215 1171 4268 ep.
1190 4200 1227 4253 ad
1246 4199 1313 4256 fam.

222 4291 262 4356 12,
282 4289 316 4343 10
334 4285 490 4359 respondet
508 4284 545 4340 cf.
563 4303 591 4356 p.
606 4287 726 4358 52-533
748 4290 772 4346 9.
1067 4373 1085 4429 4

1090 4377 1104 4403 a
