3140 4762
268 443 538 530 Wesenberg:
561 444 648 526 „Sor
664 443 806 510 Lanuvii
828 463 939 510 mense
953 442 1040 508 Maio
1057 465 1085 508 a.
1101 465 1130 511 u.
1146 465 1171 508 c.
1188 443 1278 512 710ss

269 547 315 612 Et
344 547 384 630 ii,
415 550 470 634 qui
494 547 660 614 Ciceronis
690 546 845 633 epistulas
868 545 1055 628 ediderunt,
1086 554 1118 610 et
1148 544 1278 612 Gruber

175 650 438 721 -aecuratiortbus
464 651 582 718 finibus
605 660 748 737 tempus,
778 671 841 736 quo
866 649 945 716 haec
967 648 1105 736 epistula
1127 649 1205 716 data
1227 650 1278 730 sit,

181 754 443 822 circumscribere
472 755 691 839 neglexerunt
744 752 898 819 Nostrum
929 753 1029 836 igitur
1055 751 1117 816 erit
1137 753 1172 816 in
1192 749 1278 816 hanc

187 879 259 924 rem
277 859 448 944 inquirere.
471 896 511 906 —

266 960 416 1049 Epistula
447 962 490 1026 ad
511 960 587 1027 lam.
613 961 662 1040 11,
687 961 719 1039 2,
741 959 781 1022 de
804 979 868 1044 qua
889 958 1006 1042 agitur,
1029 955 1099 1022 sola
1121 955 1214 1023 nobis
1236 980 1277 1022 ex

184 1064 394 1152 epistularum
416 1087 525 1130 earum
541 1053 683 1128 'numero
695 1063 719 1149 ¹)
743 1062 862 1128 tradita
884 1070 942 1144 est,
965 1058 1081 1148 quibus
1097 1060 1140 1124 M.
1157 1061 1277 1126 Brutus

182 1176 214 1232 et
229 1167 372 1252 Cassius,
394 1178 569 1256 praetores,
590 1165 693 1230 Roma
715 1164 849 1251 expulsi,
870 1173 906 1229 ut
929 1162 972 1229 ad
985 1163 1059 1229 Kal.
1076 1163 1193 1230 Junias
1208 1173 1276 1229 tuto

182 1271 217 1338 in
238 1271 350 1338 urbem
371 1270 476 1338 redire
498 1279 642 1356 possent,
664 1291 736 1334 curn
761 1268 806 1332 Μ.
828 1268 971 1332 Antonio
994 1275 1137 1352 egerunt.
1182 1266 1276 1331 Tem-

180 1377 267 1461 poris
290 1385 415 1454 sutem,
438 1395 501 1459 quo
524 1371 606 1440 baec
628 1370 766 1459 epistula
787 1370 866 1436 data
888 1371 946 1452 sit,
969 1369 1142 1438 definiendi
1164 1393 1277 1436 ansam

181 1477 274 1542 nobis
297 1478 433 1564 praebet
454 1473 487 1564 ξ.
512 1476 547 1541 1:

266 1579 445 1660 „scribitur
478 1579 572 1644 nobis
601 1597 756 1660 magnam
782 1585 1009 1648 veteranorum
1039 1576 1276 1642 multitudinem

180 1684 319 1750 Romam
349 1682 538 1750 convenisse
566 1680 632 1745 iam
660 1689 693 1746 et
722 1679 764 1744 ad
794 1679 960 1747 Kalendas
988 1679 1104 1745 Junias
1133 1679 1276 1744 futuram

179 1787 281 1852 multo
295 1787 478 1862 maiorem“,
501 1807 564 1872 quo
580 1784 661 1860 loco,
682 1785 739 1869 qui
756 1785 901 1848 veterani
916 1783 1052 1848 Romam
1067 1784 1133 1847 iam
1149 1785 1276 1848 venisse

180 1889 336 1971 dicuntur,
359 1913 406 1954 cu
417 1913 448 1952 m
464 1888 652 1954 Antonio
675 1887 789 1952 urbem
803 1888 953 1971 ingressi,
969 1889 1024 1973 qui
1039 1895 1276 1974 exspectantur,

180 1991 221 2058 ab
244 1994 402 2072 Antonio,
430 1992 486 2075 qui
514 1989 658 2072 singulas
684 1990 799 2056 Italiae
827 1989 987 2056 inferioris
1016 1990 1160 2058 colonias
1191 1991 1276 2056 hanc

180 2095 306 2161 obrem
329 2092 446 2170 adiit,²)
470 2092 512 2157 ad
527 2091 602 2156 Kal.
616 2091 733 2158 Junias
746 2093 867 2158 Romae
891 2094 1004 2158 adesse
1025 2095 1105 2159 iussi
1127 2093 1278 2159 videntur

181 2217 260 2260 esse.
304 2193 345 2260 cf.
369 2209 447 2261 orat.
463 2194 546 2262 Phil.
560 2195 590 2275 2,
607 2196 683 2262 108:
706 2196 789 2279 „Qui
803 2219 880 2262 vero
895 2195 972 2262 inde
986 2196 1108 2262 reditus
1123 2197 1275 2263 Romam!

183 2295 274 2376 Quae
302 2297 485 2383 pertubatio
514 2300 612 2364 totius
645 2297 751 2364 urbis!
775 2348 782 2363 .
807 2353 814 2367 .
836 2353 843 2368 .
867 2299 996 2384 agmine
1018 2300 1177 2386 quadrato
1200 2323 1274 2368 cum

178 2397 293 2481 gladiis
332 2409 523 2487 sequuntur3
570 2410 734 2469 scutorum
771 2401 902 2468 lecticas
940 2404 1063 2488 portari
1100 2405 1274 2474 ridemus“.

177 2496 210 2588 ξ.
236 2501 313 2567 10οε
342 2525 442 2589 „quas
465 2505 631 2570 Kalendas
652 2505 769 2570 Junias
792 2506 1013 2592 exspectasti?
1056 2507 1109 2572 An
1136 2531 1207 2592 eas,
1231 2511 1273 2579 ad

176 2626 257 2690 quas
291 2617 322 2672 te
360 2611 540 2693 peragratis
567 2618 794 2676 veteranorum
824 2610 959 2677 coloniis
991 2613 1144 2698 stipatum
1173 2614 1272 2680 armis

174 2709 314 2784 retulisti
322 2709 359 2792 lf‘

261 2812 438 2880 Praeterea
468 2813 623 2899 epistulae
653 2815 695 2882 ad
724 2815 798 2880 fam.
830 2817 880 2897 11,
902 2818 921 2882 2
944 2816 1046 2904 ipsius
1067 2818 1169 2885 verba
1190 2820 1272 2887 haec

175 2910 210 3003 ἐ
237 2916 277 2985 3:
310 2915 414 2998 „Nam
432 2913 519 2982 ,illud
547 2916 641 2982 valde
672 2916 742 2982 leve
773 2929 821 2984 est
851 2929 889 2983 ac
918 2920 1139 3004 nugatorium,
1169 2945 1208 2988 ea
1237 2948 1272 2990 re

179 3017 402 3084 denuntiatum
417 3041 489 3084 esso
505 3021 677 3102 veteranis,
694 3021 778 3107 quod
797 3022 837 3086 de
853 3020 1020 3088 commodo
1036 3045 1147 3090 eorum
1162 3049 1272 3094 mense

175 3119 274 3186 Junio
305 3121 429 3187 laturus
460 3128 569 3188 esses“
601 3123 686 3189 hano
716 3124 886 3210 epistulam
912 3135 1005 3211 post
1035 3126 1118 3191 iter
1148 3130 1271 3203 illud,

179 3222 266 3307 quod
293 3224 337 3288 Μ.
367 3225 529 3292 Antonius
558 3228 592 3292 in
619 3227 763 3294 colonias
792 3235 998 3314 susceperat,
1033 3230 1271 3298 confectum

177 3324 286 3396 datam
309 3349 380 3394 esse
401 3328 526 3416 docent
571 3330 800 3414 Quamobrem,
824 3341 859 3394 ut
881 3332 1061 3413 terminum,
1085 3343 1271 3420 antequem

175 3438 289 3494 nostra
318 3431 457 3518 epistula
487 3434 607 3520 scripta
633 3457 705 3500 esse
734 3458 801 3501 non
829 3435 948 3522 possit,
987 3435 1205 3516 inveniamus,
1238 3438 1272 3503 id

175 3535 329 3618 temporis
348 3545 506 3622 punctum
529 3537 622 3603 nobi's
644 3537 907 3622 investigandum
930 3541 999 3621 erit,
1021 3561 1084 3626 quo
1108 3541 1271 3610 Antonius

175 3657 217 3700 ex
239 3636 353 3703 itinere
376 3638 511 3704 Romam
533 3641 672 3708 redierit.
693 3678 737 3688 —

258 3737 438 3808 Antonium
468 3764 497 3808 a.
529 3745 557 3812 d.
581 3743 654 3810 Vll.
684 3743 731 3808 Id.
753 3742 859 3808 Maias
882 3743 1043 3810 Misenum
1073 3751 1271 3834 percurrisse

174 3850 271 3928 atque
294 3842 370 3908 inde
395 3845 540 3912 celeriter
560 3848 594 3911 in
619 3847 786 3915 Samnium
809 3848 997 3912 discessisse
1021 3870 1038 3913 e
1061 3850 1164 3918 tribus
1181 3852 1270 3920 Cice-

243 4117 269 4176 1)
291 4117 366 4170 Ante
385 4118 537 4189 epistulam
555 4120 591 4172 ad
610 4120 676 4177 fam.
697 4123 738 4186 11,
756 4121 780 4177 2.
800 4138 850 4176 eae
863 4118 900 4175 Μ.
912 4120 995 4177 Bruti
1015 4124 1053 4177 ad
1067 4123 1104 4177 Μ.
1116 4128 1269 4182 Antonium

171 4198 281 4256 litterae
301 4204 386 4258 datae
405 4211 494 4275 erant,
513 4223 586 4277 quae
604 4208 641 4261 ad
660 4210 718 4262 Att.
741 4212 781 4277 14,
801 4212 818 4264 4
839 4215 907 4263 extr.
926 4219 1189 4270 commemorantur.

239 4289 267 4361 2)
285 4289 435 4344 Drumuun
454 4291 476 4361 l,
497 4295 650 4359 rae-tem
669 4295 766 4367 Lange
784 4297 834 4360 Ill,
852 4297 912 4350 tea.

1045 4389 1062 4440 2
