3140 4762
745 239 1021 306 ...ιι-ι

302 413 485 478 dissessum
505 421 671 498 tamquam
693 412 872 486 terminum,
895 418 970 497 pest
990 428 1086 497 quem
1099 432 1151 497 sp.
1166 407 1209 472 ad
1223 407 1317 474 Brut.
1333 407 1372 488 2,
1394 409 1414 472 l

170 551 171 556 ι
308 514 387 581 data
409 516 458 596 sit,
480 514 672 596 invenimus,
694 513 728 578 in
744 523 859 578 senatu
873 515 1033 595 reeitatse,
1048 507 1240 600 posteriores
1254 511 1414 576 maximo

307 618 473 685 Ciceronis
503 616 623 703 gaudie
645 639 674 684 a.
698 615 726 681 d.
749 615 822 682 VII.
845 616 891 683 ld.
914 619 992 703 Apr.
1015 617 1151 681 Romam
1173 615 1319 702 perlatae
1345 615 1414 680 ibi·

303 745 369 809 que
396 721 606 808 pervulgatae
635 729 727 785 stmt:
755 720 793 786 ef.
817 741 865 805 ep.
889 720 931 784 ad
952 721 1029 784 lam.
1053 720 1103 802 10,
1128 722 1178 802 12,
1198 720 1237 784 2:
1266 718 1413 804 ,Itaque

306 849 379 891 eum
402 847 429 890 a.
447 825 475 891 d.
493 824 564 889 VII.
579 823 657 887 Idus
673 821 803 910 Apriles
824 845 920 888 mene
940 824 1019 888 mihi
1041 835 1113 888 tuas
1134 825 1256 888 litteras
1271 822 1316 886 M.
1337 822 1413 886 Va·
1538 811 1539 816 ¹

305 929 436 992 risidius
458 928 652 993 reddidisset
674 948 792 1012 easque
810 925 973 1011 legissem,
996 926 1176 992 incredibili
1190 925 1310 1010 gaudio
1329 947 1411 992 sum

307 1032 410 1097 elatus
433 1035 511 1098 etc.“
565 1030 783 1111 Quamobrem
807 1053 855 1116 ep.
877 1029 920 1093 ad
941 1029 985 1096 II
1007 1030 1099 1098 Brut.
1122 1031 1153 1112 2,
1175 1032 1191 1094 1
1215 1031 1302 1094 intua
1326 1051 1409 1114 spa-

304 1136 401 1215 tium,
431 1133 517 1220 quod
546 1144 596 1198 est
624 1134 665 1198 ab
695 1157 723 1200 a.
745 1133 778 1201 d.
800 1132 895 1198 XIII.
917 1133 990 1198 Kal.
1014 1135 1092 1220 Apr.
1123 1155 1224 1218 usque
1251 1132 1293 1198 ad
1317 1155 1347 1197 a.
1374 1133 1407 1196 d.

306 1237 380 1302 VII.
403 1237 450 1302 Id.
473 1239 570 1324 Apu,
601 1235 678 1302 data
701 1258 770 1301 esse
793 1237 905 1317 debet,
933 1237 981 1300 ita
1002 1248 1126 1320 tamen,
1148 1248 1185 1302 ut
1205 1259 1247 1302 ee
1268 1247 1409 1324 propter

307 1343 431 1430 primae
460 1362 588 1430 paragr.
612 1339 727 1404 verba:
759 1339 862 1422 „Cum
883 1341 966 1405 haee
987 1339 1187 1422 scribebam,
1215 1359 1268 1404 ιιι
1291 1341 1406 1404 existi-

307 1444 459 1510 mabatur
479 1446 514 1507 in
538 1455 717 1509 extremum
738 1443 882 1509 adducta
904 1443 1091 1527 discrimem
1119 1445 1229 1508 tristes
1246 1448 1337 1510 euim
1361 1443 1405 1508 de

306 1547 409 1612 Bruto
431 1556 541 1612 nostro
555 1549 682 1613 litterae
696 1548 865 1634 nuntiique
880 1547 1141 1630 adferebantuff‘,
1164 1569 1248 1634 quse
1264 1546 1403 1612 eandem
1538 1589 1539 1592 ι

305 1652 374 1716 lere
388 1650 432 1718 D.
446 1649 540 1715 Bruti
561 1652 784 1716 condicionem
806 1650 992 1716 describunt
1014 1662 1110 1738 atque
1132 1674 1181 1739 sp.
1202 1650 1248 1715 ad
1262 1651 1350 1716 Brut.
1370 1651 1403 1731 2,

306 1755 337 1834 2,
358 1753 397 1818 2:
425 1753 509 1834 „Nes
539 1755 735 1842 exspeetatio
762 1753 929 1835 sollicitat,
958 1778 1042 1842 quae
1074 1765 1123 1819 est
1152 1757 1257 1820 omnis
1278 1756 1344 1819 iam
1364 1752 1399 1816 in

304 1865 486 1922 extremum
507 1856 648 1924 adducta
663 1857 851 1939 diserimsn3
873 1868 923 1924 est
937 1861 1022 1924 euim
1042 1883 1118 1947 spes
1132 1861 1236 1926 omnis
1250 1862 1283 1924 in
1297 1859 1398 1922 Bruto

306 1959 525 2046 expediendo,
558 1961 599 2025 de
628 1982 692 2047 quo
719 1961 925 2028 vehementer
953 1962 1166 2028 timebamus“
1195 1963 1323 2052 propius
1351 1957 1393 2023 ad

304 2063 443 2128 alterum
464 2065 635 2129 terminum
658 2065 862 2132 admovenda
882 2089 954 2131 esse
974 2066 1132 2140 videatur.
1154 2105 1192 2116 -—

392 2167 615 2255 Epistularum
637 2168 679 2232 ad
702 2169 744 2235 u
765 2169 902 2234 Brutum
925 2192 1009 2258 qaas
1032 2181 1209 2258 sequuntur
1229 2169 1310 2236 orda
1331 2177 1396 2232 tam
1436 2231 1442 2245 ,

309 2271 459 2336 turbatus
483 2280 541 2352 est,
562 2282 599 2335 ut
620 2295 661 2336 ne
684 2271 830 2356 singulae
853 2274 982 2358 quidem
1006 2275 1215 2361 epistularum
1236 2281 1347 2362 partes
1360 2291 1398 2334 es
1538 2343 1539 2352 χ

308 2396 371 2461 quo
393 2396 453 2460 par
475 2385 524 2439 est
546 2373 658 2438 ordine
674 2397 708 2438 se
720 2377 893 2463 excipiant,
918 2377 975 2440 sed
988 2381 1150 2467 perversis
1165 2378 1260 2465 plane
1274 2379 1309 2440 in
1323 2376 1400 2442 loeis

307 2479 523 2546 inveniantur.
575 2476 683 2556 Quam
714 2479 936 2546 confusionem
961 2482 1027 2547 iarn
1049 2506 1070 2546 a
1092 2483 1128 2550 P.
1150 2483 1297 2547 Manutio
1320 2480 1401 2546 bene

306 2572 509 2669 perspectam
534 2579 569 2646 0.
591 2581 646 2646 Fr.
660 2580 909 2665 Ηιιιιιιιιιιιιιιῑ)1
929 2606 969 2648 ex
990 2585 1112 2650 sudleie
1134 2585 1304 2671 archetypi
1321 2582 1401 2648 lolia

308 2685 343 2748 in
366 2685 507 2749 alienum
528 2685 634 2754 loetum
655 2685 763 2750 delato
778 2696 889 2754 natam
902 2709 976 2754 esse
990 2689 1157 2774 ingeniose
1172 2686 1404 2776 comprobarit.

308 2787 372 2853 cni
402 2809 476 2852 eum
504 2789 539 2854 in
561 2789 711 2854 omnibus
733 2789 800 2855 lere
822 2791 919 2856 rebus
942 2792 1111 2875 assentiar,
1133 2813 1239 2879 pausa
1260 2800 1402 2856 tantum*

303 2890 404 2957 'modo
430 2891 472 2956 ds
503 2892 648 2978 epistulis
676 2893 739 2958 illis
771 2893 814 2959 ad
845 2895 889 2962 M.
919 2896 1008 2961 Brut
1038 2897 1068 2976 2,
1100 2897 1184 2960 2·-6
1212 2893 1404 2960 adnomnds

310 3004 394 3060 sunt
416 3033 458 3046 -

393 3099 464 3186 Bp.
486 3098 536 3164 sd
557 3099 600 3163 u
620 3099 734 3166 Brut
757 3101 824 3182 2‚-2
847 3102 984 3167 eandem
1008 3123 1088 3181 esse,
1110 3121 1207 3186 quam
1219 3101 1339 3167 (lisere
1354 3123 1403 3186 ep.

308 3203 351 3268 sd
371 3203 419 3271 Μ,
433 3202 527 3267 Brut.
548 3201 626 3282 2‚4.
643 3205 675 3267 1:
699 3202 813 3282 „Datis
834 3227 931 3270 mane
952 3227 982 3271 a.
999 3204 1030 3273 d.
1044 3203 1105 3270 III.
1121 3205 1168 3270 ld.
1183 3205 1287 3292 April.
1304 3205 1404 3289 Scep

308 3307 352 3372 tio
374 3307 490 3372 litteris
513 3309 589 3372 ste.“
607 3304 665 3390 (cf.
680 3327 711 3392 p.
730 3312 779 3390 11,
796 3310 851 3394 121
874 3331 944 3374 sese
961 3331 995 3374 a.
1019 3310 1049 3373 d.
1065 3307 1124 3374 I‘lI.
1141 3308 1187 3372 Id.
1200 3311 1281 3395 Apr.
1305 3309 1405 3393 scrip*

309 3412 390 3476 sisse
412 3419 658 3490 commemorat,
673 3432 762 3476 eum
784 3412 834 3494 iis,
862 3411 1176 3498 quseHermasnus
1197 3413 1218 3477 l.
1240 3435 1268 3479 a.
1293 3411 1403 3498 dispu-

309 3515 399 3596 tavit,
408 3522 476 3578 tum
488 3535 526 3578 eo
538 3512 775 3600 comprobatur,
786 3517 873 3602 quod
885 3516 970 3581 hane
980 3517 1022 3582 ad
1034 3517 1076 3582 M.
1083 3516 1220 3581 Brutum
1233 3516 1404 3603 epistulam

309 3619 399 3704 prius
415 3616 524 3682 datam
542 3639 612 3681 esse
613 3639 735 3703 ,quam
751 3617 920 3707 epistulam
935 3619 978 3684 ad
993 3621 1067 3684 fam.
1086 3622 1135 3702 10,
1153 3621 1203 3695 12,
1220 3617 1260 3684 de
1276 3618 1404 3683 illorum

311 3721 435 3788 dierum
464 3731 595 3786 senatus
624 3721 778 3788 consultis
808 3745 835 3788 a.
859 3723 889 3787 d
911 3723 971 3788 III.
993 3723 1043 3790 Id
1066 3725 1144 3811 Apr.
1178 3721 1220 3786 ad
1248 3723 1405 3791 Plancum

312 3827 474 3913 seriptam,
496 3848 562 3890 non
583 3828 653 3892 veri
676 3825 781 3893 simile
803 3837 861 3895 est.
1206 3857 1207 3860 ¹
1439 3874 1445 3890 .

395 3929 462 4017 Ep.
483 3927 599 3995 adM.
621 3928 737 3994 Brut.
763 3931 800 4014 2,
823 3932 1032 4064 3eumep.
1054 3881 1405 3997 beiusdemlibriita

382 4171 408 4241 1)
426 4169 456 4224 O.
478 4170 521 4225 Fr.
546 4169 632 4222 Herm
607 4185 691 4222 ιιιιιιιιι
674 4187 705 4234 ιι,
734 4169 835 4223 Abhsu
837 4171 875 4225 dl.
904 4172 954 4225 der
973 4172 1073 4227 Gdttin
1045 4189 1125 4244 mrgs
1111 4172 1271 4228 remense
1274 4172 1336 4229 una
1354 4172 1404 4228 der

316 4257 488 4312 Wissenseh.
507 4257 584 4322 1847,
602 4275 630 4328 p.
650 4256 796 4312 lar-169.
