3140 4762
720 313 762 323 .-
806 276 934 342 40-

281 447 538 514 commemoratis
568 468 718 513 numeros
743 446 814 512 illos
836 446 869 511 ΙΙ
893 455 925 512 et
946 447 977 512 V
999 446 1045 512 ita
1067 449 1170 534 pictos
1192 448 1292 512 fuisse
1314 467 1372 535 pu·

280 553 427 635 taverim,
449 561 485 616 ut
507 560 539 616 et
561 550 750 616 aPctrarca
771 560 803 617 et
825 550 866 616 ab
883 551 953 638 ipso
969 549 1149 618 Cratandro
1165 562 1197 617 et
1211 549 1371 616 Lambino

281 657 410 744 saepius
432 653 585 722 confundi
607 655 776 742 potuerint.
832 654 928 720 Hanc
950 677 1016 721 non
1036 677 1155 741 vagam
1178 677 1248 721 esse
1271 655 1374 741 suspi-

281 761 422 841 cionem,
451 757 508 826 sed
541 768 627 825 certo
655 760 715 823 niti
740 757 949 826 fundamento
980 781 1044 827 uno
1073 757 1218 846 exemplo
1241 756 1372 824 demon·

281 863 401 933 strabo.
452 863 536 928 Nam
565 865 598 927 in
628 860 764 950 epistula
796 860 838 927 ad
868 861 911 930 M.
942 863 1032 932 Brut.
1068 864 1137 944 1,6
1166 870 1245 928 extr.
1275 861 1373 948 vulgo

280 965 410 1052 legitur:

367 1070 517 1154 „XVIL
541 1069 580 1134 K.
596 1069 748 1134 Junias
772 1091 813 1134 ex
828 1071 951 1153 castris,
974 1069 1136 1134 adimam
1153 1067 1373 1134 Candaviam“

281 1195 374 1261 quem
405 1174 489 1238 diem
522 1195 595 1238 oum
624 1173 824 1258 gravissimis
854 1173 895 1238 de
922 1175 1029 1238 causis
1059 1171 1145 1238 inira
1173 1169 1373 1258 explicandis

280 1280 335 1364 (cf.
358 1301 388 1364 p.
411 1277 555 1356 cto-47)
577 1278 610 1343 in
633 1274 795 1359 ,‚x1111.
818 1275 861 1345 K.
884 1277 906 1342 J
918 1279 1071 1344 unias“
1092 1275 1282 1341 mutandum
1304 1297 1375 1341 esse

281 1382 498 1463 coniecissem,
513 1389 626 1470 postea
637 1380 792 1447 Orelliani
804 1379 998 1468 exemplaris
1011 1380 1218 1446 adnotatione
1229 1380 1375 1466 inspecta

282 1483 436 1550 hocloco
458 1483 549 1548 illum
572 1483 657 1549 diem
678 1482 836 1568 „XIIIL
848 1483 888 1549 Κ.
905 1485 927 1550 J
935 1486 1080 1549 unias“
1102 1490 1188 1548 recte
1209 1483 1243 1547 in
1268 1483 1377 1551 codice

279 1585 425 1653 Mediceo
448 1609 519 1653 esse
541 1582 695 1653 traditum
717 1588 868 1653 intellexi.

368 1691 443 1772 Qua
465 1711 563 1756 exre
585 1691 838 1758 concludendum
863 1703 912 1758 est
934 1700 991 1758 aut
1012 1691 1199 1756 Petrarcsm
1220 1688 1372 1757 hocloco

281 1795 463 1858 accuratius
485 1815 581 1880 quam
604 1794 820 1860 Cratandrum
844 1805 876 1861 et
897 1795 1093 1861 Lambinum
1116 1793 1253 1877 librum,
1280 1815 1370 1880 quem

282 1896 460 1984 descripsit,
483 1899 673 1982 excussisse,
696 1909 816 1964 aut-
837 1901 871 1965 in
893 1899 1032 1965 Medicei
1054 1898 1173 1964 codicis
1196 1896 1368 1984 archetypo

279 1987 341 2068 hoc
372 2003 441 2067 loco
477 2003 646 2068 rectiorem
682 2023 780 2091 quam
812 2005 926 2070 ceteris
958 2002 1037 2068 locis
1069 2000 1155 2066 infra
1187 2000 1364 2088 compositis

282 2108 473 2193 scripturam
504 2115 670 2191 servatam¹
695 2110 803 2174 fuisse.
856 2108 938 2174 Utra
967 2103 1130 2171 conclusio
1162 2103 1368 2191 praeferenda

282 2211 340 2291 sit,
369 2209 517 2296 equidem
547 2210 725 2296 diiudicare
754 2233 819 2277 non
850 2211 962 2277 audeo.
1011 2207 1166 2273 Attamen
1196 2207 1275 2273 illud
1297 2205 1373 2272 mihi

281 2321 403 2377 certum
431 2335 501 2380 esse
531 2314 675 2396 videtur,
703 2315 887 2403 ubicunque
917 2315 951 2377 in
982 2312 1129 2401 epistulis
1151 2310 1193 2376 ad
1216 2311 1261 2379 M.
1284 2310 1373 2375 Brut

281 2437 486 2481 numerorum
508 2416 539 2480 V
562 2425 594 2481 et
608 2418 641 2481 Il
664 2420 872 2485 commutatio
895 2418 1095 2502 argumentis
1119 2418 1197 2481 satis
1220 2415 1374 2502 gravibus

279 2519 473 2606 postuletur,
499 2519 544 2584 ibi
566 2521 685 2606 optimo
708 2521 777 2587 iure
798 2521 886 2587 illam
910 2521 1166 2588 emendationem
1187 2521 1222 2585 in
1244 2529 1373 2586 contex-

282 2633 351 2687 tum
372 2624 471 2709 recipi
493 2646 597 2711 posse.
619 2663 661 2672 -

368 2726 604 2814 Epistulam
627 2727 677 2792 ad
693 2727 735 2792 M.
752 2727 861 2793 Brut.
887 2728 978 2811 1‚2‚
1002 2751 1022 2794 a
1044 2749 1109 2814 qua
1131 2726 1216 2792 diem
1233 2726 1374 2812 adscrip-

281 2841 349 2895 tum
371 2829 464 2910 „Xll
481 2829 521 2895 K.
537 2831 659 2895 Maias“
682 2829 933 2897 abiudicandum
954 2853 1025 2898 esse
1047 2830 1143 2896 modo
1157 2828 1375 2917 probavimus,

283 2932 430 3021 equidem
457 2931 642 3020 deperditae
675 2931 839 3000 Ciceronis
873 2936 1029 3022 epistulae
1059 2933 1270 3023 appendicem
1304 2957 1374 3000 esse

282 3037 430 3118 arbitror,
452 3058 517 3122 qua
540 3045 651 3102 auctor
673 3035 716 3102 ad
729 3037 773 3101 M.
789 3035 882 3101 Bruti
901 3041 1070 3126 epistulam
1087 3039 1250 3126 quandam
1264 3053 1374 3105 mense

282 3140 370 3205 Maio
402 3141 533 3204 ineunte
565 3140 716 3226 scriptam
745 3141 955 3228 responderit.
1007 3143 1096 3208 Data
1122 3151 1230 3208 autem
1253 3153 1302 3208 est
1323 3165 1373 3230 ep.

283 3245 353 3324 132
380 3242 487 3330 paullo
515 3251 589 3308 ante
611 3242 688 3308 Idus
711 3244 825 3312 Maias.
876 3244 988 3327 Quod,
1015 3266 1078 3331 quo
1108 3245 1177 3310 iure
1203 3247 1282 3310 mihi
1303 3269 1374 3334 per-

282 3348 448 3428 suaserim,
471 3367 543 3412 cum
569 3347 632 3411 nisi
653 3347 842 3432 longissima
863 3349 1142 3435 argumentatione
1164 3349 1373 3436 comprobare

281 3472 346 3516 non
368 3448 499 3537 possim,
520 3448 672 3516 hocloco
695 3474 760 3517 non
783 3473 853 3516 sum
880 3452 1164 3532 demonstraturus,
1186 3453 1373 3540 praesertim

283 3575 355 3619 cum
378 3554 410 3633 ii,
432 3555 486 3641 qui
509 3553 729 3620 huiuscemodi
746 3554 861 3620 studiis
876 3576 1007 3642 operam
1023 3563 1193 3636 naverunt,
1215 3577 1266 3620 me
1281 3555 1374 3621 aliter

285 3746 488 3756 ‚--—,.--

283 3842 312 3896 hi
330 3847 411 3898 suntr
436 3859 479 3917 ep.
503 3845 541 3900 ad
567 3846 603 3900 M.
621 3845 701 3902 Brut.
719 3848 746 3911 2,
764 3846 794 3902 4:
819 3845 920 3917 „Datis
944 3862 1017 3902 man.
1040 3863 1066 3903 a.
1094 3847 1121 3898 d.
1144 3845 1373 3919 VI.1d.April.“

283 3953 317 3980 =
329 3929 430 3996 „Datis
450 3948 524 3989 man.
542 3949 568 3989 a.
588 3934 614 3990 d.
633 3934 681 3990 III.
700 3933 741 3989 Id.
761 3935 830 4003 Apr.
851 3931 886 4010 of.
904 3950 923 4003 p
951 3933 991 3987 11.

284 4033 328 4087 ep.
347 4017 383 4070 ad
403 4017 440 4071 M.
459 4017 535 4074 Brut.
554 4021 578 4086 2,
598 4020 626 4074 7.
645 4017 739 4087 „XIIL
750 4017 872 4075 Kalend.
888 4018 994 4073 Maias“
1007 4041 1042 4068 =
1054 4016 1132 4074 XVI.
1147 4017 1268 4077 Kalend.
1283 4019 1373 4078 Maias

283 4119 327 4176 ep.
364 4145 379 4170 „
415 4146 431 4173 „
494 4146 510 4172 „
556 4103 1201 4173 1,1:‚‚X11.K.Maias“=XV.K.Maias.

283 4207 327 4262 ep.
363 4231 378 4258 „
414 4232 430 4258 ,‚
493 4232 509 4258 „
554 4191 1372 4266 1,e:‚,xvl1.n.sunno:xrmununiasospas—sr.

284 4276 335 4334 cfr.
355 4293 398 4351 ep.
411 4279 447 4334 ad
461 4277 527 4338 fam.
542 4282 583 4350 10,
598 4281 644 4336 14:
664 4281 707 4349 „d
719 4277 768 4335 HL
783 4279 854 4336 Non.
870 4279 954 4336 Mai.“
965 4302 1002 4332 .-:.
1015 4279 1061 4336 VI.
1076 4279 1147 4336 Non.
1161 4281 1225 4338 Mai.
1239 4283 1275 4340 ct.
1289 4301 1315 4356 p.
1330 4286 1374 4341 44.
