3140 4762
272 1521 324 1596 lle
351 1525 558 1610 celeritate,
587 1546 656 1614 qua
686 1527 868 1598 tabellarii
892 1528 930 1598 ln
953 1526 1065 1598 Cassii
1090 1530 1254 1618 epistulis
1277 1549 1359 1616 per·

544 1633 702 1701 ferendis
725 1635 781 1701 usi
808 1649 887 1701 esse
910 1633 1087 1704 videntur.

359 1770 394 1837 O.
411 1770 544 1837 Cassius
560 1771 743 1856 Longinus„
760 1795 789 1838 a.
812 1794 842 1839 u.
865 1793 891 1840 c.
915 1773 978 1837 710
993 1782 1130 1860 praetor,
1152 1795 1190 1837 eo
1206 1782 1357 1861 tempore,

273 1896 336 1960 quo
366 1877 489 1962 primae
518 1896 647 1955 earum,
678 1871 718 1939 de
741 1873 857 1963 quibus
879 1883 1009 1940 acturus
1034 1899 1121 1958 sum,
1151 1876 1357 1964 epistularum

271 1980 411 2066 scriptae
432 1989 521 2057 sunt,
554 1980 587 2042 in
610 1977 705 2044 Italia
726 1987 783 2045 aut
804 1974 911 2044 media
933 1988 989 2045 aut
1010 1979 1160 2044 inferiore
1182 2001 1358 2046 commora-

270 2083 375 2164 batur,
397 2082 512 2148 deinde
534 2085 567 2148 in
590 2083 719 2171 Syriam
741 2083 903 2171 profectus
925 2092 982 2150 est.
1004 2120 1047 2132 -

354 2185 469 2273 Itaque
490 2189 629 2274 primum
650 2186 826 2266 videamus,
849 2206 989 2271 quanam
1011 2184 1173 2252 celeritate
1196 2185 1357 2253 tabellarii

270 2293 434 2355 terrestria
455 2291 489 2355 in
510 2291 606 2356 Italia
628 2292 743 2356 itinera
765 2288 969 2355 confecerint.
993 2327 1033 2337 -

357 2391 527 2480 Pomponii
548 2395 647 2458 Attici
678 2393 801 2458 litteras
828 2392 931 2457 Roma
961 2393 995 2457 in
1017 2393 1228 2458 Puteolanum
1252 2392 1303 2457 vel
1325 2394 1358 2457 in

267 2496 509 2582 Pompeianum,
532 2496 616 2582 quod
639 2495 746 2583 paullo
769 2495 896 2581 longius
919 2495 960 2562 ab
983 2495 1063 2560 urbe
1083 2494 1234 2575 distabat,
1261 2496 1357 2560 semel

267 2602 370 2684 tertio,
392 2609 505 2686 quater
520 2611 644 2687 quarto,
665 2598 763 2664 semel
778 2599 899 2684 quinto,
922 2599 971 2665 bis
987 2609 1088 2683 sexto,
1109 2599 1206 2665 semel
1222 2602 1356 2688 septimo
1374 2583 1378 2594 „

267 2702 319 2768 die
342 2701 466 2768 delatas
489 2723 559 2768 esse
582 2702 747 2770 Ciceronis
769 2703 871 2790 ipsius
894 2705 1086 2769 auctoritate
1107 2702 1200 2768 nobis
1223 2716 1272 2769 est
1293 2715 1357 2768 tra·

267 2805 408 2891 ditum.¹)
457 2807 529 2888 Quo
560 2806 600 2872 de
622 2806 840 2895 exemplorum
862 2829 1011 2890 numero,
1044 2807 1200 2894 siquidem
1222 2816 1357 2893 tempus,

267 2931 329 2995 quo
352 2908 477 2974 litterae
500 2912 533 2975 in
548 2911 603 2976 illa
617 2912 750 2999 praedia
765 2911 901 2996 perferri
924 2910 1080 2975 solitae
1104 2911 1203 2991 sint,
1226 2910 1357 2975 definire

265 3011 423 3095 volumus,
447 3011 510 3078 duo
533 3014 723 3100 excipienda
738 3021 822 3094 sunt,
846 3012 981 3078 alterum
997 3012 1178 3096 celeritatis,
1193 3013 1356 3079 tarditatis

263 3116 437 3180 inusitatae
459 3115 593 3182 alterum
623 3118 662 3185 cf.
686 3118 728 3183 ad
751 3119 819 3182 Att.
845 3120 893 3201 14,
917 3118 966 3200 18,
991 3121 1024 3181 l:
1050 3169 1081 3197 „.
1104 3171 1110 3185 .
1134 3127 1207 3183 tuas
1228 3115 1354 3182 litteras

265 3221 393 3307 vesperi
408 3240 594 3308 acceperam
610 3223 643 3285 in
658 3222 854 3309 Pompeiano
872 3241 972 3286 sane
992 3221 1202 3302 celeriter,
1223 3221 1355 3286 tertio

267 3321 341 3388 abs
372 3332 411 3388 te
433 3322 540 3405 die“,
570 3324 908 3409 adAtt.14,13,l:
939 3323 1154 3410 „Septimo
1178 3323 1357 3409 denique

266 3425 334 3491 die
355 3426 484 3514 litterae
506 3426 584 3491 mihi
607 3427 751 3494 redditae
774 3432 875 3493 sunt“.

350 3529 404 3594 Ex
425 3529 557 3616 reliquis
582 3537 690 3596 autem
712 3531 878 3618 exemplis,
899 3550 972 3595 cum
993 3551 1092 3594 unum
1108 3529 1149 3594 sit
1164 3527 1276 3614 quinti,
1293 3518 1379 3592 duo'

267 3633 359 3714 sexti,
386 3641 537 3718 quattuor
560 3634 667 3720 quarti
688 3632 767 3712 diei,
796 3654 832 3698 re
853 3654 933 3698 vera
955 3642 1070 3719 quarto
1094 3631 1145 3696 die
1169 3631 1356 3718 saepissime

262 3737 386 3801 litteras
408 3736 511 3802 Roma
549 3738 583 3801 in
618 3735 690 3801 illas
718 3737 867 3820 regiones
897 3735 1023 3802 adlatas
1055 3757 1125 3824 esse
1153 3734 1354 3818 intellegitur.

263 3824 490 3923 Quamobrem,
518 3841 669 3928 quoniam
693 3839 795 3905 Roma
817 3863 838 3906 a
859 3839 1000 3905 Puteolis
1025 3839 1086 3904 138
1104 3842 1207 3927 pm.²),
1231 3861 1250 3903 a
1271 3837 1353 3904 Nea·

262 3943 343 4032 poli,
376 3964 458 4029 quae
488 3943 565 4008 urbs
587 3944 671 4009 inter
693 3942 844 4009 Puteolos
867 3950 899 4007 et
921 3942 1091 4030 Pompeios
1115 3941 1176 4008 sita
1199 3951 1263 4023 est,
1293 3941 1354 4007 148

332 4201 360 4265 1)
379 4198 480 4254 Bardt:
501 4199 572 4267 „Qu
591 4199 685 4256 Tull.“
703 4217 731 4272 p.
750 4202 774 4267 8,
795 4202 822 4270 9,
839 4201 883 4257 43.

330 4289 359 4358 2)
377 4287 413 4342 cf.
432 4286 627 4357 „Itinerarium
644 4287 778 4360 Antonini
808 4286 928 4356 Augusti
953 4287 982 4341 et
1005 4285 1290 4358 Hierosolymitanum
1309 4283 1353 4344 ed.

261 4373 386 4449 Parthey
404 4381 433 4431 et
452 4373 564 4442 Pinder,
586 4375 710 4431 Berolini
729 4375 804 4442 1848,
822 4392 850 4445 p.
869 4374 912 4441 49,
931 4373 973 4440 50,
993 4374 1035 4440 56,
1053 4374 1095 4429 57.
