3140 4762
745 259 958 326 ...2ss-

301 431 414 496 ruinas.
431 430 471 495 de
492 439 524 495 te
545 439 668 496 certum
691 429 883 497 haberemus
905 428 942 498 .’.
966 486 973 500 .
995 431 1029 522 ξ.
1044 434 1073 501 2.
1095 433 1178 499 Erat
1196 439 1304 498 autem
1319 431 1393 500 Cle·

300 541 413 600 ternae
433 541 544 600 noster
559 533 693 617 Hirtius,
714 535 759 600 ad
774 537 896 601 Forum
912 536 1096 602 Cornelium
1113 535 1245 614 Caesar,
1259 543 1393 622 uterque

301 659 374 702 cum
403 637 507 702 firimo
532 638 691 722 exercitu3
720 661 921 726 magnasque
943 640 1064 706 Romae
1086 640 1196 706 Pansa
1218 639 1329 726 copiae
1351 661 1393 704 ex

300 741 417 806 dilectu
440 739 555 806 Italiae
584 751 757 829 comparat
811 743 922 808 Hiems
952 741 1058 808 adhuc
1088 765 1157 808 rem
1185 745 1255 828 geri
1270 743 1391 830 prohi-

299 845 431 912 buerat“
453 846 634 928 terminum,
656 867 751 932 quem
773 849 948 932 querimus,
970 869 1036 912 non
1059 847 1142 912 ultra
1162 847 1249 912 veris
1263 847 1392 912 initium

299 950 321 1015 i.
344 972 368 1014 e.
391 949 466 1014 circ.
496 949 572 1016 Idus
602 948 800 1015 Februarias
831 950 950 1016 differri
977 971 1074 1038 posse
1096 958 1274 1037 appararet
1326 951 1392 1016 Ver

300 1053 384 1118 enim
407 1075 428 1116 a
449 1053 602 1118 Romanis
624 1075 691 1118 una
713 1075 785 1119 cum
805 1055 950 1120 Favonio
972 1054 1071 1120 flante
1093 1055 1233 1140 incipere
1255 1052 1391 1138 putaba-

299 1163 393 1237 tur,¹)
423 1157 478 1243 qui
508 1165 640 1240 ventus,
672 1166 710 1222 ut
738 1155 916 1222 Columella
945 1157 1087 1238 tradit,²)
1112 1180 1139 1222 a.
1162 1156 1192 1221 d.
1215 1154 1287 1220 VII.
1311 1154 1390 1224 Idus

299 1258 499 1335 Februarias
522 1261 645 1348 spirare
669 1261 851 1349 incipiebat.

471 1447 539 1532 Ep.
562 1447 607 1514 uti
628 1447 714 1516 fam.
737 1449 789 1528 12,
813 1449 854 1516 ὃς
888 1449 1007 1516 Cicero
1034 1448 1156 1516 Cossio
1179 1449 1215 1516 S.

385 1569 542 1636 Schuet
551 1572 615 1635 riu
625 1593 653 1636 s:
670 1571 755 1651 „Son
770 1570 892 1636 Romae
907 1591 1018 1635 mense
1032 1569 1137 1655 Aprili
1148 1569 1187 1634 A.
1200 1566 1237 1634 U.
1251 1569 1287 1635 C.
1301 1569 1390 1635 710.“

384 1673 566 1738 Gruber:
588 1720 629 1753 „.
647 1724 654 1738 .
671 1725 676 1738 .
701 1674 829 1760 scripsit
844 1685 926 1754 ante,
943 1695 1039 1760 quam
1056 1673 1177 1738 Brutus
1191 1673 1390 1754 liberaretur,

295 1775 330 1840 id
360 1776 447 1862 quod
476 1775 561 1844 med.
583 1777 662 1864 Apr.
685 1777 824 1859 lactum3
851 1778 891 1846 cf.
914 1777 978 1844 809
1000 1775 1122 1861 (Galba
1143 1775 1186 1847 X,
1209 1777 1267 1842 30:
1297 1777 1388 1840 XVI.

294 1879 368 1946 Kal.
391 1881 467 1945 Mai.
491 1879 654 1945 Proelium
676 1881 860 1947 Mutinense
881 1881 1027 1961 refertur,
1049 1879 1153 1966 pridie
1174 1882 1335 1963 linctuml‘

345 1975 346 1980 ἵ
383 1983 569 2070 Suepile:
602 1983 691 2064 „Sor
714 1984 836 2052 Romae
857 2008 967 2050 mense
989 1983 1095 2072 Aprili
1117 1983 1156 2046 A.
1179 1983 1217 2050 U.
1241 1981 1274 2046 C.
1298 1980 1386 2044 710.“

381 2087 546 2152 Baiter:
569 2086 658 2166 „Son
680 2087 802 2154 Rornae
823 2112 934 2154 mense
957 2089 1063 2174 Aprili
1085 2111 1113 2153 a.
1136 2109 1166 2152 u.
1189 2108 1216 2150 c.
1241 2085 1327 2150 ttlf‘

382 2191 654 2276 Wesenberg:
677 2192 766 2274 „Son
789 2193 911 2258 Romae
932 2214 1043 2258 mense
1066 2190 1172 2278 Aprili
1194 2195 1283 2272 (aute
1299 2186 1386 2252 XVI.

298 2291 372 2357 Kal.
395 2294 517 2380 Maias)
540 2318 570 2363 a.
592 2317 621 2359 u.
645 2317 670 2360 o.
694 2297 785 2364 711.“

380 2397 435 2461 Ex
462 2398 518 2472 iis,
550 2419 632 2484 quac
662 2398 702 2462 de
725 2398 786 2464 hac
810 2408 841 2463 et
863 2398 903 2463 de
925 2397 1133 2484 sequentibus
1156 2394 1302 2483 epistulis
1325 2393 1387 2458 dis-

295 2509 467 2586 putaturus
490 2522 570 2583 sum,
595 2510 750 2586 quantam
773 2503 838 2566 vim
853 2501 1019 2568 Ciceronis
1042 2501 1085 2566 ad
1105 2501 1147 2565 M.
1163 2500 1300 2565 Brutum
1315 2499 1387 2584 epi·
1481 2491 1485 2500 ’

295 2602 406 2683 stulte,
430 2613 497 2669 tam
520 2603 581 2668 diu·
598 2605 771 2690 neglectae,
801 2628 866 2672 non
888 2605 983 2672 modo
1007 2604 1049 2672 ad
1072 2603 1212 2690 reliquas
1234 2601 1387 2688 epistulas

294 2715 368 2790 post
383 2703 559 2772 Caesarem
581 2709 722 2773 necisum
737 2710 874 2797 scriptas
888 2718 974 2776 recte
989 2707 1196 2788 ordinandas,
1219 2705 1276 2770 sed
1291 2705 1386 2770 etiam

295 2807 337 2872 ad
366 2831 418 2874 res
448 2819 558 2895 gestas
581 2835 622 2878 ex
644 2821 798 2878 accurata
818 2822 998 2900 temporum
1021 2810 1257 2896 computatione
1279 2807 1384 2895 dispo·
1410 2835 1413 2841 ·

293 2911 418 2995 nendos
439 2913 591 2996 habeant,
613 2915 684 2980 luce
706 2913 824 2981 clarius
846 2914 1022 3002 apparebit.
1055 2912 1136 2978 ·Iam
1159 2914 1243 2976 enim
1267 2910 1309 2976 ad
1331 2932 1385 2979 eas

293 3015 379 3081 inter
402 3015 592 3084 Ciceronem
615 3028 646 3083 et
661 3016 811 3084 Cassium
834 3018 989 3104 epistulas
1010 3017 1227 3103 pervenimus,
1250 3037 1385 3102 quarum

293 3127 459 3206 tamquam
487 3123 647 3206 imagines
676 3121 719 3185 ad
745 3121 789 3190 M.
815 3121 949 3188 Brutum
979 3120 1188 3207 epistularum
1218 3119 1292 3184 libri
1321 3119 1384 3184 duo

293 3222 386 3288 nobis
402 3233 479 3289 sunt
491 3225 611 3291 traditi.
655 3227 778 3313 ltaque,
797 3245 870 3292 cum
884 3225 960 3290 inde
975 3223 1017 3288 ab
1032 3221 1095 3290 hoc
1109 3223 1385 3290 commentationis

292 3335 421 3392 nostrae
445 3327 513 3394 loco
537 3351 577 3392 ex
600 3328 732 3395 oonsilio
750 3331 785 3395 in
807 3328 1006 3415 praefatione
1022 3326 1239 3392 demonstrato
1256 3327 1385 3412 saepius

293 3430 335 3494 ad
358 3429 419 3496 has
440 3432 594 3518 epistulas
617 3432 867 3518 confugiendum
883 3433 940 3514 sit,
962 3430 1058 3496 liceat
1072 3430 1175 3511 nobis,
1197 3431 1384 3516 priusquam

293 3533 334 3598 de
356 3555 403 3621 ep.
428 3535 471 3600 ad
492 3535 567 3603 fam.
593 3538 642 3617 12,
664 3537 684 3600 6
705 3535 859 3600 iudicium
880 3535 1096 3616 instituamus,
1120 3531 1252 3598 secundi
1274 3531 1317 3598 ad
1338 3531 1381 3598 Μ.

291 3637 427 3702 Brutum
444 3639 516 3705 libri
531 3640 695 3728 epistulas,
711 3641 829 3726 quippe
845 3655 927 3722 quae
943 3647 1018 3702 ante
1032 3637 1127 3722 primi
1142 3636 1215 3701 libri
1230 3635 1383 3723 epistulas

294 3741 432 3828 scriptae
466 3744 543 3826 sint,
575 3743 683 3832 paqu
715 3743 914 3822 accuratius,
945 3763 1041 3826 quam
1074 3739 1170 3824 vulgo
1204 3739 1384 3820 traduntur,

293 3844 452 3912 ordinare.
476 3881 517 3896 ··-

293 4005 500 4015 w...

367 4106 392 4175 1)
411 4103 447 4158 ef.
465 4104 503 4159 ad
520 4102 586 4157 fam.
604 4103 628 4168 9,
648 4103 689 4167 24,
709 4101 741 4168 23
760 4101 859 4156 Horat.
879 4113 965 4154 carm.
982 4101 1005 4162 1.
1023 4101 1048 4164 4,
1068 4103 1091 4154 1.

362 4191 391 4261 2)
408 4188 564 4245 Columella
586 4187 648 4256 „De
661 4205 691 4242 re
709 4192 795 4242 rust.“
815 4188 856 4252 11,
875 4189 900 4252 2,
921 4187 966 4242 15ι
984 4187 1062 4254 „Vll
1083 4187 1150 4242 ldus
1169 4185 1253 4240 rabi.
1265 4184 1383 4244 Callisto

292 4277 372 4334 sidus
390 4277 505 4342 occidit;
525 4275 644 4330 Favonii
661 4275 769 4347 spirare
786 4273 954 4343 incipiunt.“
