3140 4762
346 1305 428 1438 Ex
449 1371 598 1438 omnibus
621 1371 763 1460 epistulis
785 1370 857 1456 illis,
881 1395 960 1461 quas
978 1367 1014 1441 C.
1032 1369 1166 1440 Cassius
1180 1383 1255 1462 post
1270 1370 1350 1442 an-
1455 1353 1457 1366 ¹

262 1496 364 1539 sarem
390 1478 529 1542 occisum
551 1474 602 1540 vel
624 1475 713 1540 dedit
734 1473 785 1540 vel
808 1477 941 1565 accepit,
964 1476 1130 1543 duodecim
1154 1479 1238 1543 inter
1260 1477 1350 1545 Oica·

259 1601 370 1644 runem
407 1591 440 1646 et
469 1579 617 1646 Cassium
654 1588 868 1645 commutatae
898 1579 932 1644 in
961 1579 1170 1667 epistularum
1200 1581 1242 1647 ad
1272 1582 1348 1649 fam.

258 1679 340 1746 libro
364 1679 551 1748 duodecimo
574 1682 636 1770 (ep.
665 1681 780 1767 1--12)
803 1682 897 1748 nobis
919 1681 1058 1748 traditae
1080 1694 1162 1750 sunt.
1208 1685 1268 1748 His
1290 1684 1348 1750 ad-

259 1794 466 1851 numerentur
495 1795 560 1851 tres
589 1787 711 1872 primae
738 1785 900 1852 undecimi
923 1785 966 1850 ad
988 1785 1063 1851 fam.
1087 1784 1160 1851 libri
1183 1785 1349 1874 epistulae,

260 1907 394 1972 quarum
417 1910 483 1953 nno
504 1911 525 1954 a
550 1890 589 1954 D.
613 1889 713 1954 Bruto
737 1888 779 1953 ad
800 1890 845 1965 M.
866 1889 1002 1954 Brutum
1025 1899 1057 1954 et
1079 1889 1121 1956 ad
1137 1889 1173 1955 O.
1190 1889 1349 1975 Cassium,

260 1991 342 2057 duae
373 2015 393 2058 a
421 1993 465 2056 M.
495 1992 596 2057 Bruto
629 2001 661 2056 ct
689 2013 709 2055 a
735 1989 770 2055 0.
795 1989 908 2058 Cassio
940 1992 982 2057 ad
1004 1993 1046 2057 M.
1069 1992 1248 2058 Antonium
1275 2003 1350 2060 sunt

260 2095 365 2161 datae.
422 2097 473 2159 Ac
510 2116 568 2158 nos
607 2092 734 2180 quidem
773 2094 924 2158 traditum
962 2095 1171 2183 epistularum
1204 2097 1349 2163 ordinem

260 2208 429 2284 sequentes
459 2197 611 2285 primum,
643 2218 782 2283 quonam
809 2209 952 2284 tempore
982 2218 1031 2285 ep.
1061 2198 1117 2263 illa
1139 2221 1160 2264 a
1181 2201 1222 2268 D.
1246 2200 1348 2268 Bruto

261 2300 302 2366 ad
325 2301 369 2368 M.
392 2301 526 2366 Brutum
555 2312 587 2366 et
615 2301 656 2366 ad
680 2299 717 2367 O.
741 2299 890 2366 Cassium
920 2301 998 2366 data
1020 2304 1076 2400 sit,
1108 2303 1283 2369 videamus.
1305 2343 1348 2353 -

257 2470 325 2556 up.
346 2472 389 2537 ud
412 2472 497 2538 iam.
522 2473 571 2552 11,
594 2473 630 2539 lr
659 2473 703 2538 D.
727 2471 861 2538 Brutus
883 2471 995 2540 Bruto
1025 2494 1086 2540 ruo
1110 2481 1141 2540 et
1167 2474 1288 2542 Caesio
1312 2476 1349 2546 S.

347 2593 603 2659 Schnetnins
617 2598 659 2675 ¹):
689 2591 775 2674 „Sca
805 2615 915 2658 mense
944 2592 1050 2679 Aprili
1071 2593 1112 2665 A.
1135 2594 1173 2664 U.
1198 2594 1234 2662 C.
1256 2595 1350 2662 tour

345 2695 524 2762 Gruber:
553 2695 695 2780 „Brutus
716 2695 777 2779 XI,
802 2699 817 2760 1
841 2695 911 2760 hies
934 2679 1109 2784 diebus·(c.
1133 2697 1211 2782 Idus
1234 2699 1348 2786 April.)

258 2801 380 2890 scripta
405 2799 555 2876 Lanuvio
585 2799 624 2865 cf.
654 2798 717 2864 686
748 2808 780 2864 et
809 2797 850 2866 89
880 2798 1086 2890 (exemplaris
1116 2801 1348 2887 Schuetziani),

257 2926 360 2991 neque
382 2903 574 2990 colloquium
605 2903 638 2967 in
665 2901 695 2967 h.
718 2924 767 2988 ep.
791 2913 1003 2969 memoratum
1025 2905 1103 2970 illud
1126 2915 1184 2988 est,
1207 2905 1293 2992 quod
1315 2908 1348 2970 in

258 3028 305 3093 ep.
328 3007 410 3089 684,
441 3029 515 3072 nam
546 3015 614 3071 turn
640 3004 753 3071 Cicero
783 3006 925 3072 nondum
956 3009 1079 3074 sciebat
1101 3009 1238 3074 Brutum
1269 3008 1349 3074 urbe

258 3110 433 3176 excessisse
456 3110 495 3176 cf.
518 3111 608 3176 686.“

328 3213 571 3301 'Suepfle¹):
596 3212 682 3294 „Sco
704 3234 814 3278 mense
836 3213 941 3301 Aprili
961 3214 1000 3281 A.
1023 3213 1062 3278 U.
1088 3214 1123 3281 (l.
1147 3215 1237 3282 7095‘

345 3316 504 3382 Baiter:
526 3317 611 3399 „sen
634 3339 744 3382 mense
766 3316 872 3404 Aprili
895 3340 923 3383 a.
947 3339 977 3385 u.
1001 3340 1027 3384 c.
1050 3309 1140 3385 llO.“

344 3418 613 3505 Wesenberg:
638 3419 723 3501 „Son
746 3441 856 3485 mense
879 3422 984 3510 Aprili
1006 3445 1035 3489 a.
1058 3445 1088 3490 u.
1110 3442 1137 3490 c.
1160 3419 1250 3486 710.“

346 3522 485 3589 Gruberi
507 3525 621 3589 miram
644 3525 834 3588 sententiam
859 3544 897 3588 eo
919 3532 1045 3606 natam,
1074 3523 1158 3612 quod
1180 3522 1263 3589 hanc
1286 3525 1351 3610 epi·

260 3625 377 3693 stulam
400 3649 419 3692 a
440 3628 582 3694 Marco
605 3625 707 3693 Bruto
729 3627 882 3714 scriptum
905 3650 975 3693 esse
997 3627 1079 3694 falso
1102 3635 1239 3714 putaret,
1267 3627 1350 3692 refu-

256 3733 377 3796 tatione
413 3753 479 3798 non
512 3751 607 3816 egere
643 3731 747 3818 primo
777 3730 892 3795 obtutu
921 3731 1121 3819 perspicitur.
1178 3731 1350 3796 Editorum

258 3845 365 3900 autem
387 3836 583 3920 computatio
606 3857 670 3901 non
693 3833 772 3899 satis
788 3842 941 3898 accurata
956 3856 1027 3899 esse
1042 3833 1178 3902 videtur.
1222 3834 1350 3919 Scripta

258 3939 341 4004 enim
366 3947 415 4003 est
436 3937 518 4004 haec
540 3938 677 4025 epistula
700 3960 721 4003 a
742 3937 784 4008 D.
807 3937 918 4019 Bruto,
941 3959 1012 4003 cum
1035 3936 1180 4024 plerique
1203 3937 1350 4003 coniura-

326 4181 352 4244 1)
371 4178 533 4234 Schuetaius
550 4182 578 4232 et
597 4175 709 4248 Suepfle
727 4193 824 4232 aarum
842 4175 1030 4248 Capitolinam
1048 4176 1138 4230 sacnti
1156 4181 1229 4230 sunt.

323 4269 352 4336 2)
370 4267 425 4333 „u
450 4265 536 4321 Tullii
563 4264 705 4321 Ciceronis
728 4263 868 4335 epistulae
891 4262 1013 4318 selectae
1040 4260 1142 4318 GXO.“
1170 4262 1205 4317 ed
1229 4259 1348 4334 Suspfle,

257 4352 408 4410 Kurlsruhe
426 4355 503 4411 1836.
