<?xml version="1.0" encoding="UTF-8"?>
<!DOCTYPE html PUBLIC "-//W3C//DTD XHTML 1.0 Transitional//EN"
    "http://www.w3.org/TR/xhtml1/DTD/xhtml1-transitional.dtd">
<html xmlns="http://www.w3.org/1999/xhtml" xml:lang="en" lang="en">
 <head>
  <title>
</title>
<meta http-equiv="Content-Type" content="text/html;charset=utf-8" />
  <meta name='ocr-system' content='tesseract 3.04.00' />
  <meta name='ocr-capabilities' content='ocr_page ocr_carea ocr_par ocr_line ocrx_word'/>
</head>
<body>
  <div class='ocr_page' id='page_1' title='image "./deepistulisetac00schmgoog_0014.png"; bbox 0 0 3140 4762; ppageno 0'>
   <div class='ocr_carea' id='block_1_1' title="bbox 669 293 860 362">
    <p class='ocr_par' dir='ltr' id='par_1_1' title="bbox 669 293 860 362">
     <span class='ocr_line' id='line_1_1' title="bbox 669 293 860 362; baseline 0.01 -16"><span class='ocrx_word' id='word_1_1' title='bbox 669 293 774 362; x_wconf 66' lang='lat'>„5</span> <span class='ocrx_word' id='word_1_2' title='bbox 821 337 860 348; x_wconf 67' lang='grc'><strong>-</strong></span> 
     </span>
    </p>
   </div>
   <div class='ocr_carea' id='block_1_2' title="bbox 215 468 1306 1384">
    <p class='ocr_par' dir='ltr' id='par_1_2' title="bbox 215 468 1306 1384">
     <span class='ocr_line' id='line_1_2' title="bbox 220 468 1305 557; baseline 0 -23"><span class='ocrx_word' id='word_1_3' title='bbox 220 492 274 556; x_wconf 91' lang='lat' dir='ltr'>pm</span> <span class='ocrx_word' id='word_1_4' title='bbox 288 470 314 555; x_wconf 88' lang='lat'>¹)</span> <span class='ocrx_word' id='word_1_5' title='bbox 344 505 385 516; x_wconf 88' lang='lat'>-</span> <span class='ocrx_word' id='word_1_6' title='bbox 413 492 478 535; x_wconf 92' lang='lat' dir='ltr'>non</span> <span class='ocrx_word' id='word_1_7' title='bbox 506 470 579 536; x_wconf 91' lang='lat' dir='ltr'>circ.</span> <span class='ocrx_word' id='word_1_8' title='bbox 613 469 675 534; x_wconf 82' lang='lat'>130</span> <span class='ocrx_word' id='word_1_9' title='bbox 695 491 774 557; x_wconf 83' lang='lat' dir='ltr'>pm,</span> <span class='ocrx_word' id='word_1_10' title='bbox 807 478 843 533; x_wconf 90' lang='lat' dir='ltr'>ut</span> <span class='ocrx_word' id='word_1_11' title='bbox 864 468 1017 535; x_wconf 83' lang='lat' dir='ltr'>Bardtius</span> <span class='ocrx_word' id='word_1_12' title='bbox 1047 469 1159 534; x_wconf 91' lang='lat' dir='ltr'>scribit</span> <span class='ocrx_word' id='word_1_13' title='bbox 1169 471 1195 553; x_wconf 79' lang='lat'>¹)</span> <span class='ocrx_word' id='word_1_14' title='bbox 1222 491 1305 534; x_wconf 88' lang='lat' dir='ltr'>——a</span> 
     </span>
     <span class='ocr_line' id='line_1_3' title="bbox 218 569 1306 661; baseline 0 -25"><span class='ocrx_word' id='word_1_15' title='bbox 218 569 368 658; x_wconf 83' lang='lat' dir='ltr'>Pompeis</span> <span class='ocrx_word' id='word_1_16' title='bbox 389 572 465 642; x_wconf 89' lang='lat' dir='ltr'>circ.</span> <span class='ocrx_word' id='word_1_17' title='bbox 489 573 551 638; x_wconf 89' lang='lat'>160</span> <span class='ocrx_word' id='word_1_18' title='bbox 572 573 664 660; x_wconf 80' lang='lat' dir='ltr'>pm.³)</span> <span class='ocrx_word' id='word_1_19' title='bbox 686 572 784 654; x_wconf 88' lang='lat' dir='ltr'>afuit,</span> <span class='ocrx_word' id='word_1_20' title='bbox 813 595 855 638; x_wconf 85' lang='lat' dir='ltr'>ex</span> <span class='ocrx_word' id='word_1_21' title='bbox 880 571 931 636; x_wconf 86' lang='lat' dir='ltr'>bis</span> <span class='ocrx_word' id='word_1_22' title='bbox 951 573 1031 660; x_wconf 90' lang='lat' dir='ltr'>ipsis</span> <span class='ocrx_word' id='word_1_23' title='bbox 1053 572 1208 661; x_wconf 88' lang='lat' dir='ltr'>exemplis</span> <span class='ocrx_word' id='word_1_24' title='bbox 1230 593 1306 638; x_wconf 90' lang='lat' dir='ltr'>con·</span> 
     </span>
     <span class='ocr_line' id='line_1_4' title="bbox 217 673 1306 742; baseline 0 -2"><span class='ocrx_word' id='word_1_25' title='bbox 217 674 411 741; x_wconf 88' lang='lat' dir='ltr'>cludendum</span> <span class='ocrx_word' id='word_1_26' title='bbox 451 675 512 741; x_wconf 91' lang='lat' dir='ltr'>erit</span> <span class='ocrx_word' id='word_1_27' title='bbox 548 673 711 741; x_wconf 83' lang='lat' dir='ltr'>Ciceronis</span> <span class='ocrx_word' id='word_1_28' title='bbox 748 683 854 742; x_wconf 89' lang='lat' dir='ltr'>aetate</span> <span class='ocrx_word' id='word_1_29' title='bbox 889 674 1075 742; x_wconf 86' lang='lat' dir='ltr'>tabellarios</span> <span class='ocrx_word' id='word_1_30' title='bbox 1107 676 1142 740; x_wconf 93' lang='lat' dir='ltr'>in</span> <span class='ocrx_word' id='word_1_31' title='bbox 1177 674 1306 740; x_wconf 86' lang='lat' dir='ltr'>Italiam</span> 
     </span>
     <span class='ocr_line' id='line_1_5' title="bbox 215 777 1305 867; baseline -0.001 -23"><span class='ocrx_word' id='word_1_32' title='bbox 215 779 399 845; x_wconf 89' lang='lat' dir='ltr'>inferiorem</span> <span class='ocrx_word' id='word_1_33' title='bbox 434 780 594 867; x_wconf 87' lang='lat' dir='ltr'>profectos</span> <span class='ocrx_word' id='word_1_34' title='bbox 627 780 700 846; x_wconf 75' lang='lat' dir='ltr'>circ.</span> <span class='ocrx_word' id='word_1_35' title='bbox 736 777 1007 867; x_wconf 82' lang='lat' dir='ltr'>quadragena</span> <span class='ocrx_word' id='word_1_36' title='bbox 1042 781 1305 867; x_wconf 83' lang='lat' dir='ltr'>quinquage-</span> 
     </span>
     <span class='ocr_line' id='line_1_6' title="bbox 217 881 1304 970; baseline 0.002 -24"><span class='ocrx_word' id='word_1_37' title='bbox 217 904 322 948; x_wconf 87' lang='lat' dir='ltr'>nave</span> <span class='ocrx_word' id='word_1_38' title='bbox 342 905 411 970; x_wconf 93' lang='lat' dir='ltr'>pm.</span> <span class='ocrx_word' id='word_1_39' title='bbox 440 884 556 949; x_wconf 83' lang='lat' dir='ltr'>cotidie</span> <span class='ocrx_word' id='word_1_40' title='bbox 581 883 749 950; x_wconf 74' lang='lat' dir='ltr'>decurrere</span> <span class='ocrx_word' id='word_1_41' title='bbox 778 904 848 948; x_wconf 87' lang='lat' dir='ltr'>esse</span> <span class='ocrx_word' id='word_1_42' title='bbox 871 881 989 948; x_wconf 91' lang='lat' dir='ltr'>solitos.</span> <span class='ocrx_word' id='word_1_43' title='bbox 1041 883 1148 964; x_wconf 77' lang='lat' dir='ltr'>Quam</span> <span class='ocrx_word' id='word_1_44' title='bbox 1175 882 1304 970; x_wconf 87' lang='lat' dir='ltr'>quidem</span> 
     </span>
     <span class='ocr_line' id='line_1_7' title="bbox 218 983 1304 1070; baseline 0.003 -22"><span class='ocrx_word' id='word_1_45' title='bbox 218 983 365 1065; x_wconf 88' lang='lat' dir='ltr'>mediam,</span> <span class='ocrx_word' id='word_1_46' title='bbox 387 995 423 1051; x_wconf 87' lang='lat' dir='ltr'>ut</span> <span class='ocrx_word' id='word_1_47' title='bbox 443 988 490 1052; x_wconf 88' lang='grc'>111</span> <span class='ocrx_word' id='word_1_48' title='bbox 511 987 626 1070; x_wconf 85' lang='lat' dir='ltr'>dicam,</span> <span class='ocrx_word' id='word_1_49' title='bbox 649 985 891 1052; x_wconf 79' lang='lat' dir='ltr'>tabellariorum</span> <span class='ocrx_word' id='word_1_50' title='bbox 913 985 1106 1052; x_wconf 77' lang='lat' dir='ltr'>celeritatem</span> <span class='ocrx_word' id='word_1_51' title='bbox 1129 1009 1193 1052; x_wconf 87' lang='lat' dir='ltr'>nou</span> <span class='ocrx_word' id='word_1_52' title='bbox 1208 986 1304 1052; x_wconf 92' lang='lat' dir='ltr'>modo</span> 
     </span>
     <span class='ocr_line' id='line_1_8' title="bbox 216 1087 1302 1175; baseline 0.002 -23"><span class='ocrx_word' id='word_1_53' title='bbox 216 1098 302 1155; x_wconf 85' lang='lat' dir='ltr'>recte</span> <span class='ocrx_word' id='word_1_54' title='bbox 323 1111 394 1154; x_wconf 87' lang='lat' dir='ltr'>esse</span> <span class='ocrx_word' id='word_1_55' title='bbox 415 1089 609 1172; x_wconf 87' lang='lat' dir='ltr'>conclusam,</span> <span class='ocrx_word' id='word_1_56' title='bbox 633 1089 690 1154; x_wconf 92' lang='lat' dir='ltr'>sed</span> <span class='ocrx_word' id='word_1_57' title='bbox 712 1091 808 1154; x_wconf 82' lang='lat' dir='ltr'>etiam</span> <span class='ocrx_word' id='word_1_58' title='bbox 830 1089 925 1155; x_wconf 87' lang='lat' dir='ltr'>latius</span> <span class='ocrx_word' id='word_1_59' title='bbox 947 1111 1042 1175; x_wconf 90' lang='lat' dir='ltr'>quam</span> <span class='ocrx_word' id='word_1_60' title='bbox 1066 1087 1108 1154; x_wconf 89' lang='lat' dir='ltr'>ad</span> <span class='ocrx_word' id='word_1_61' title='bbox 1130 1089 1247 1155; x_wconf 89' lang='lat' dir='ltr'>itinera</span> <span class='ocrx_word' id='word_1_62' title='bbox 1268 1089 1302 1154; x_wconf 92' lang='lat' dir='ltr'>in</span> 
     </span>
     <span class='ocr_line' id='line_1_9' title="bbox 215 1191 1304 1281; baseline 0 -25"><span class='ocrx_word' id='word_1_63' title='bbox 215 1191 312 1257; x_wconf 88' lang='lat' dir='ltr'>Italia</span> <span class='ocrx_word' id='word_1_64' title='bbox 336 1193 410 1281; x_wconf 88' lang='lat' dir='ltr'>ipsa</span> <span class='ocrx_word' id='word_1_65' title='bbox 437 1193 586 1259; x_wconf 88' lang='lat' dir='ltr'>confecta</span> <span class='ocrx_word' id='word_1_66' title='bbox 614 1202 724 1280; x_wconf 88' lang='lat' dir='ltr'>patere</span> <span class='ocrx_word' id='word_1_67' title='bbox 750 1192 916 1280; x_wconf 90' lang='lat' dir='ltr'>permultis</span> <span class='ocrx_word' id='word_1_68' title='bbox 945 1193 1017 1258; x_wconf 90' lang='lat' dir='ltr'>aliis</span> <span class='ocrx_word' id='word_1_69' title='bbox 1045 1192 1236 1258; x_wconf 80' lang='lat' dir='ltr'>testimoniis</span> <span class='ocrx_word' id='word_1_70' title='bbox 1262 1213 1304 1256; x_wconf 89' lang='lat' dir='ltr'>ex</span> 
     </span>
     <span class='ocr_line' id='line_1_10' title="bbox 219 1294 1050 1384; baseline 0 -24"><span class='ocrx_word' id='word_1_71' title='bbox 219 1294 383 1362; x_wconf 82' lang='lat' dir='ltr'>Ciceronis</span> <span class='ocrx_word' id='word_1_72' title='bbox 405 1297 549 1383; x_wconf 82' lang='lat' dir='ltr'>epistulis</span> <span class='ocrx_word' id='word_1_73' title='bbox 572 1296 748 1384; x_wconf 89' lang='lat' dir='ltr'>desumptis</span> <span class='ocrx_word' id='word_1_74' title='bbox 770 1296 985 1362; x_wconf 87' lang='lat' dir='ltr'>confirmatur.</span> <span class='ocrx_word' id='word_1_75' title='bbox 1008 1334 1050 1346; x_wconf 93' lang='lat'><em>-</em></span> 
     </span>
    </p>
   </div>
   <div class='ocr_carea' id='block_1_3' title="bbox 211 1414 1303 2019">
    <p class='ocr_par' dir='ltr' id='par_1_3' title="bbox 211 1414 1303 2019">
     <span class='ocr_line' id='line_1_11' title="bbox 296 1414 1302 1504; baseline -0.003 -22"><span class='ocrx_word' id='word_1_76' title='bbox 296 1416 418 1504; x_wconf 86' lang='lat' dir='ltr'>Lupus,</span> <span class='ocrx_word' id='word_1_77' title='bbox 441 1417 606 1484; x_wconf 86' lang='lat' dir='ltr'>Ciceronis</span> <span class='ocrx_word' id='word_1_78' title='bbox 628 1415 805 1498; x_wconf 85' lang='lat' dir='ltr'>familiaris,</span> <span class='ocrx_word' id='word_1_79' title='bbox 827 1416 1013 1498; x_wconf 89' lang='lat' dir='ltr'>Mutina,</span> <span class='ocrx_word' id='word_1_80' title='bbox 1043 1437 1126 1502; x_wconf 88' lang='lat' dir='ltr'>quae</span> <span class='ocrx_word' id='word_1_81' title='bbox 1147 1414 1225 1480; x_wconf 90' lang='lat' dir='ltr'>urbs</span> <span class='ocrx_word' id='word_1_82' title='bbox 1246 1414 1302 1480; x_wconf 84' lang='lat' dir='ltr'>via</span> 
     </span>
     <span class='ocr_line' id='line_1_12' title="bbox 214 1518 1303 1609; baseline -0.001 -26"><span class='ocrx_word' id='word_1_83' title='bbox 214 1518 374 1586; x_wconf 81' lang='lat' dir='ltr'>Flaminia</span> <span class='ocrx_word' id='word_1_84' title='bbox 395 1531 428 1587; x_wconf 88' lang='lat' dir='ltr'>et</span> <span class='ocrx_word' id='word_1_85' title='bbox 441 1519 580 1586; x_wconf 89' lang='lat' dir='ltr'>Aemilia</span> <span class='ocrx_word' id='word_1_86' title='bbox 601 1520 819 1609; x_wconf 88' lang='lat' dir='ltr'>progredienti</span> <span class='ocrx_word' id='word_1_87' title='bbox 841 1520 939 1606; x_wconf 80' lang='lat'><strong>319⁴)</strong></span> <span class='ocrx_word' id='word_1_88' title='bbox 961 1542 1022 1599; x_wconf 87' lang='lat' dir='ltr'>pm.</span> <span class='ocrx_word' id='word_1_89' title='bbox 1043 1518 1095 1584; x_wconf 87' lang='lat' dir='ltr'>vel</span> <span class='ocrx_word' id='word_1_90' title='bbox 1115 1518 1215 1604; x_wconf 80' lang='lat'>310⁶)</span> <span class='ocrx_word' id='word_1_91' title='bbox 1230 1539 1303 1605; x_wconf 82' lang='lat' dir='ltr'>pm,</span> 
     </span>
     <span class='ocr_line' id='line_1_13' title="bbox 213 1621 1301 1710; baseline 0.001 -24"><span class='ocrx_word' id='word_1_92' title='bbox 213 1623 265 1687; x_wconf 87' lang='lat' dir='ltr'>via</span> <span class='ocrx_word' id='word_1_93' title='bbox 289 1622 404 1688; x_wconf 83' lang='lat' dir='ltr'>Clodia</span> <span class='ocrx_word' id='word_1_94' title='bbox 432 1624 504 1688; x_wconf 87' lang='lat' dir='ltr'>circ.</span> <span class='ocrx_word' id='word_1_95' title='bbox 526 1622 590 1689; x_wconf 82' lang='lat'>275</span> <span class='ocrx_word' id='word_1_96' title='bbox 611 1627 705 1710; x_wconf 63' lang='lat' dir='ltr'>pmfi)</span> <span class='ocrx_word' id='word_1_97' title='bbox 733 1647 753 1690; x_wconf 91' lang='lat' dir='ltr'>a</span> <span class='ocrx_word' id='word_1_98' title='bbox 774 1623 877 1688; x_wconf 85' lang='lat' dir='ltr'>Roma</span> <span class='ocrx_word' id='word_1_99' title='bbox 900 1622 1012 1704; x_wconf 87' lang='lat' dir='ltr'>distat,</span> <span class='ocrx_word' id='word_1_100' title='bbox 1044 1631 1136 1688; x_wconf 84' lang='lat' dir='ltr'>sexto</span> <span class='ocrx_word' id='word_1_101' title='bbox 1167 1621 1219 1686; x_wconf 92' lang='lat' dir='ltr'>die</span> <span class='ocrx_word' id='word_1_102' title='bbox 1247 1643 1301 1687; x_wconf 87' lang='lat' dir='ltr'>ve·</span> 
     </span>
     <span class='ocr_line' id='line_1_14' title="bbox 215 1725 1300 1814; baseline 0.002 -26"><span class='ocrx_word' id='word_1_103' title='bbox 215 1728 299 1813; x_wconf 90' lang='lat' dir='ltr'>speri</span> <span class='ocrx_word' id='word_1_104' title='bbox 315 1725 449 1794; x_wconf 86' lang='lat' dir='ltr'>Romam</span> <span class='ocrx_word' id='word_1_105' title='bbox 471 1729 620 1814; x_wconf 87' lang='lat' dir='ltr'>pervenit</span> <span class='ocrx_word' id='word_1_106' title='bbox 642 1727 680 1793; x_wconf 88' lang='lat' dir='ltr'>cf.</span> <span class='ocrx_word' id='word_1_107' title='bbox 705 1726 748 1792; x_wconf 88' lang='lat' dir='ltr'>ad</span> <span class='ocrx_word' id='word_1_108' title='bbox 769 1727 844 1792; x_wconf 88' lang='lat' dir='ltr'>fam.</span> <span class='ocrx_word' id='word_1_109' title='bbox 869 1729 918 1807; x_wconf 91' lang='grc'>11,</span> <span class='ocrx_word' id='word_1_110' title='bbox 932 1728 962 1810; x_wconf 86' lang='grc'>6,</span> <span class='ocrx_word' id='word_1_111' title='bbox 982 1730 1015 1790; x_wconf 72' lang='lat'>12</span> <span class='ocrx_word' id='word_1_112' title='bbox 1038 1725 1169 1813; x_wconf 90' lang='lat' dir='ltr'>„Lupus</span> <span class='ocrx_word' id='word_1_113' title='bbox 1191 1735 1300 1792; x_wconf 89' lang='lat' dir='ltr'>noster</span> 
     </span>
     <span class='ocr_line' id='line_1_15' title="bbox 211 1829 1300 1917; baseline 0.003 -25"><span class='ocrx_word' id='word_1_114' title='bbox 211 1851 283 1893; x_wconf 87' lang='lat' dir='ltr'>curn</span> <span class='ocrx_word' id='word_1_115' title='bbox 301 1829 436 1896; x_wconf 82' lang='lat' dir='ltr'>Romam</span> <span class='ocrx_word' id='word_1_116' title='bbox 459 1841 551 1898; x_wconf 86' lang='lat' dir='ltr'>sexto</span> <span class='ocrx_word' id='word_1_117' title='bbox 574 1830 624 1896; x_wconf 93' lang='lat' dir='ltr'>die</span> <span class='ocrx_word' id='word_1_118' title='bbox 637 1831 763 1896; x_wconf 88' lang='lat' dir='ltr'>Mutina</span> <span class='ocrx_word' id='word_1_119' title='bbox 784 1831 933 1914; x_wconf 87' lang='lat' dir='ltr'>venisset,</span> <span class='ocrx_word' id='word_1_120' title='bbox 955 1829 1110 1917; x_wconf 87' lang='lat' dir='ltr'>postridie</span> <span class='ocrx_word' id='word_1_121' title='bbox 1132 1851 1183 1894; x_wconf 91' lang='lat' dir='ltr'>me</span> <span class='ocrx_word' id='word_1_122' title='bbox 1205 1852 1300 1895; x_wconf 89' lang='lat' dir='ltr'>mane</span> 
     </span>
     <span class='ocr_line' id='line_1_16' title="bbox 212 1933 484 2019; baseline 0.011 -25"><span class='ocrx_word' id='word_1_123' title='bbox 212 1933 419 2019; x_wconf 78' lang='lat' dir='ltr'>convenit“.⁷)</span> <span class='ocrx_word' id='word_1_124' title='bbox 441 1973 484 1984; x_wconf 90' lang='lat'><em>-</em></span> 
     </span>
    </p>
   </div>
   <div class='ocr_carea' id='block_1_4' title="bbox 296 2051 1300 2142">
    <p class='ocr_par' dir='ltr' id='par_1_4' title="bbox 296 2051 1300 2142">
     <span class='ocr_line' id='line_1_17' title="bbox 296 2051 1300 2142; baseline -0.001 -24"><span class='ocrx_word' id='word_1_125' title='bbox 296 2053 363 2119; x_wconf 87' lang='lat' dir='ltr'>lter</span> <span class='ocrx_word' id='word_1_126' title='bbox 384 2054 464 2120; x_wconf 91' lang='lat' dir='ltr'>illud</span> <span class='ocrx_word' id='word_1_127' title='bbox 484 2054 593 2142; x_wconf 88' lang='lat' dir='ltr'>paullo</span> <span class='ocrx_word' id='word_1_128' title='bbox 615 2053 754 2128; x_wconf 87' lang='lat' dir='ltr'>brevius,</span> <span class='ocrx_word' id='word_1_129' title='bbox 777 2051 863 2139; x_wconf 92' lang='lat' dir='ltr'>quod</span> <span class='ocrx_word' id='word_1_130' title='bbox 884 2060 932 2117; x_wconf 85' lang='lat' dir='ltr'>est</span> <span class='ocrx_word' id='word_1_131' title='bbox 954 2052 1060 2117; x_wconf 79' lang='lat' dir='ltr'>Foro</span> <span class='ocrx_word' id='word_1_132' title='bbox 1083 2051 1300 2118; x_wconf 80' lang='lat' dir='ltr'>Gallorum</span> 
     </span>
    </p>
   </div>
   <div class='ocr_carea' id='block_1_5' title="bbox 209 2154 1300 2346">
    <p class='ocr_par' dir='ltr' id='par_1_5' title="bbox 209 2154 1300 2346">
     <span class='ocr_line' id='line_1_18' title="bbox 209 2154 1300 2244; baseline 0.001 -23"><span class='ocrx_word' id='word_1_133' title='bbox 209 2156 354 2238; x_wconf 85' lang='lat' dir='ltr'>Romam,</span> <span class='ocrx_word' id='word_1_134' title='bbox 377 2157 484 2244; x_wconf 91' lang='lat' dir='ltr'>paullo</span> <span class='ocrx_word' id='word_1_135' title='bbox 507 2158 601 2223; x_wconf 90' lang='lat' dir='ltr'>citius</span> <span class='ocrx_word' id='word_1_136' title='bbox 622 2158 650 2222; x_wconf 86' lang='lat' dir='ltr'>is</span> <span class='ocrx_word' id='word_1_137' title='bbox 672 2154 858 2222; x_wconf 86' lang='lat' dir='ltr'>tabellarius</span> <span class='ocrx_word' id='word_1_138' title='bbox 881 2156 1028 2239; x_wconf 81' lang='lat' dir='ltr'>confecit,</span> <span class='ocrx_word' id='word_1_139' title='bbox 1050 2157 1103 2242; x_wconf 92' lang='lat' dir='ltr'>qui</span> <span class='ocrx_word' id='word_1_140' title='bbox 1128 2155 1167 2221; x_wconf 90' lang='lat' dir='ltr'>de</span> <span class='ocrx_word' id='word_1_141' title='bbox 1189 2178 1300 2242; x_wconf 86' lang='lat' dir='ltr'>pugna</span> 
     </span>
     <span class='ocr_line' id='line_1_19' title="bbox 212 2257 1300 2346; baseline 0.004 -24"><span class='ocrx_word' id='word_1_142' title='bbox 212 2259 300 2345; x_wconf 92' lang='lat' dir='ltr'>apud</span> <span class='ocrx_word' id='word_1_143' title='bbox 322 2261 442 2325; x_wconf 86' lang='lat' dir='ltr'>Forum</span> <span class='ocrx_word' id='word_1_144' title='bbox 473 2260 638 2328; x_wconf 81' lang='lat' dir='ltr'>Gallorum</span> <span class='ocrx_word' id='word_1_145' title='bbox 669 2283 697 2325; x_wconf 87' lang='lat' dir='ltr'>a.</span> <span class='ocrx_word' id='word_1_146' title='bbox 721 2258 751 2324; x_wconf 91' lang='lat' dir='ltr'>d.</span> <span class='ocrx_word' id='word_1_147' title='bbox 773 2257 873 2322; x_wconf 89' lang='lat' dir='ltr'>XVII</span> <span class='ocrx_word' id='word_1_148' title='bbox 898 2258 1000 2346; x_wconf 61' lang='lat' dir='ltr'>Kale)</span> <span class='ocrx_word' id='word_1_149' title='bbox 1022 2260 1100 2324; x_wconf 88' lang='lat' dir='ltr'>Mai.</span> <span class='ocrx_word' id='word_1_150' title='bbox 1129 2260 1300 2326; x_wconf 87' lang='lat' dir='ltr'>commissa</span> 
     </span>
    </p>
   </div>
   <div class='ocr_carea' id='block_1_6' title="bbox 209 2355 1301 2968">
    <p class='ocr_par' dir='ltr' id='par_1_6' title="bbox 209 2355 1301 2968">
     <span class='ocr_line' id='line_1_20' title="bbox 212 2355 1300 2444; baseline 0.004 -18"><span class='ocrx_word' id='word_1_151' title='bbox 212 2361 335 2428; x_wconf 82' lang='lat' dir='ltr'>litteras</span> <span class='ocrx_word' id='word_1_152' title='bbox 356 2364 490 2430; x_wconf 82' lang='lat' dir='ltr'>Romam</span> <span class='ocrx_word' id='word_1_153' title='bbox 521 2363 641 2431; x_wconf 90' lang='lat' dir='ltr'>detulit.</span> <span class='ocrx_word' id='word_1_154' title='bbox 692 2363 793 2444; x_wconf 87' lang='lat' dir='ltr'>Nam,</span> <span class='ocrx_word' id='word_1_155' title='bbox 822 2355 895 2427; x_wconf 86' lang='lat' dir='ltr'>cum</span> <span class='ocrx_word' id='word_1_156' title='bbox 920 2362 1045 2428; x_wconf 90' lang='lat' dir='ltr'>Hirtius</span> <span class='ocrx_word' id='word_1_157' title='bbox 1074 2362 1199 2428; x_wconf 88' lang='lat' dir='ltr'>litteras</span> <span class='ocrx_word' id='word_1_158' title='bbox 1228 2363 1300 2430; x_wconf 87' lang='lat' dir='ltr'>illas</span> 
     </span>
     <span class='ocr_line' id='line_1_21' title="bbox 213 2465 1299 2553; baseline 0.003 -25"><span class='ocrx_word' id='word_1_159' title='bbox 213 2487 240 2530; x_wconf 88' lang='lat' dir='ltr'>a.</span> <span class='ocrx_word' id='word_1_160' title='bbox 264 2465 293 2534; x_wconf 93' lang='lat' dir='ltr'>d.</span> <span class='ocrx_word' id='word_1_161' title='bbox 315 2467 406 2536; x_wconf 88' lang='lat' dir='ltr'><strong>XVI.</strong></span> <span class='ocrx_word' id='word_1_162' title='bbox 424 2468 499 2538; x_wconf 87' lang='lat' dir='ltr'>Kal.</span> <span class='ocrx_word' id='word_1_163' title='bbox 514 2469 590 2534; x_wconf 85' lang='lat' dir='ltr'>Mai.</span> <span class='ocrx_word' id='word_1_164' title='bbox 612 2489 707 2533; x_wconf 86' lang='lat' dir='ltr'>mane</span> <span class='ocrx_word' id='word_1_165' title='bbox 729 2466 856 2531; x_wconf 89' lang='lat' dir='ltr'>dedisse</span> <span class='ocrx_word' id='word_1_166' title='bbox 877 2465 1036 2549; x_wconf 88' lang='lat' dir='ltr'>videatur,</span> <span class='ocrx_word' id='word_1_167' title='bbox 1057 2503 1098 2515; x_wconf 90' lang='lat'><em>-</em></span> <span class='ocrx_word' id='word_1_168' title='bbox 1120 2476 1299 2553; x_wconf 85' lang='lat' dir='ltr'>pugnatum</span> 
     </span>
     <span class='ocr_line' id='line_1_22' title="bbox 210 2569 1301 2657; baseline 0.003 -25"><span class='ocrx_word' id='word_1_169' title='bbox 210 2570 295 2634; x_wconf 89' lang='lat' dir='ltr'>enim</span> <span class='ocrx_word' id='word_1_170' title='bbox 305 2581 355 2636; x_wconf 90' lang='lat' dir='ltr'>est</span> <span class='ocrx_word' id='word_1_171' title='bbox 366 2594 393 2637; x_wconf 87' lang='lat' dir='ltr'>a.</span> <span class='ocrx_word' id='word_1_172' title='bbox 403 2570 432 2636; x_wconf 94' lang='lat' dir='ltr'>d.</span> <span class='ocrx_word' id='word_1_173' title='bbox 441 2571 548 2636; x_wconf 91' lang='lat' dir='ltr'>XVII.</span> <span class='ocrx_word' id='word_1_174' title='bbox 556 2571 628 2637; x_wconf 86' lang='lat' dir='ltr'>Kal.</span> <span class='ocrx_word' id='word_1_175' title='bbox 640 2570 716 2636; x_wconf 89' lang='lat' dir='ltr'>Mai.</span> <span class='ocrx_word' id='word_1_176' title='bbox 728 2591 830 2657; x_wconf 90' lang='lat' dir='ltr'>usque</span> <span class='ocrx_word' id='word_1_177' title='bbox 842 2569 886 2634; x_wconf 87' lang='lat' dir='ltr'>ad</span> <span class='ocrx_word' id='word_1_178' title='bbox 896 2570 1095 2657; x_wconf 83' lang='lat' dir='ltr'>vesperum⁹)</span> <span class='ocrx_word' id='word_1_179' title='bbox 1108 2592 1301 2657; x_wconf 89' lang='lat' dir='ltr'>-cumque,</span> 
     </span>
     <span class='ocr_line' id='line_1_23' title="bbox 209 2669 1301 2760; baseline 0.002 -24"><span class='ocrx_word' id='word_1_180' title='bbox 209 2681 244 2736; x_wconf 91' lang='lat' dir='ltr'>ut</span> <span class='ocrx_word' id='word_1_181' title='bbox 264 2673 352 2738; x_wconf 87' lang='lat' dir='ltr'>infra</span> <span class='ocrx_word' id='word_1_182' title='bbox 374 2674 701 2760; x_wconf 85' lang='lat' dir='ltr'>demonstrabitur,¹⁰)</span> <span class='ocrx_word' id='word_1_183' title='bbox 723 2683 829 2738; x_wconf 90' lang='lat' dir='ltr'>certus</span> <span class='ocrx_word' id='word_1_184' title='bbox 851 2669 891 2737; x_wconf 88' lang='lat' dir='ltr'>de</span> <span class='ocrx_word' id='word_1_185' title='bbox 906 2671 1006 2737; x_wconf 84' lang='lat' dir='ltr'>Hirtii</span> <span class='ocrx_word' id='word_1_186' title='bbox 1021 2672 1155 2738; x_wconf 83' lang='lat' dir='ltr'>victoria</span> <span class='ocrx_word' id='word_1_187' title='bbox 1170 2673 1301 2738; x_wconf 87' lang='lat' dir='ltr'>nuntius</span> 
     </span>
     <span class='ocr_line' id='line_1_24' title="bbox 209 2774 1300 2857; baseline 0.002 -18"><span class='ocrx_word' id='word_1_188' title='bbox 209 2796 237 2839; x_wconf 90' lang='lat' dir='ltr'>a.</span> <span class='ocrx_word' id='word_1_189' title='bbox 268 2776 297 2840; x_wconf 94' lang='lat' dir='ltr'>d.</span> <span class='ocrx_word' id='word_1_190' title='bbox 327 2775 405 2844; x_wconf 88' lang='lat' dir='ltr'>XII.</span> <span class='ocrx_word' id='word_1_191' title='bbox 433 2777 508 2843; x_wconf 88' lang='lat' dir='ltr'>Kal.</span> <span class='ocrx_word' id='word_1_192' title='bbox 538 2777 616 2844; x_wconf 88' lang='lat' dir='ltr'>Mai.</span> <span class='ocrx_word' id='word_1_193' title='bbox 642 2776 765 2842; x_wconf 85' lang='lat' dir='ltr'>Romae</span> <span class='ocrx_word' id='word_1_194' title='bbox 796 2777 987 2857; x_wconf 88' lang='lat' dir='ltr'>innotuerit,</span> <span class='ocrx_word' id='word_1_195' title='bbox 1022 2774 1209 2842; x_wconf 83' lang='lat' dir='ltr'>tabellarius</span> <span class='ocrx_word' id='word_1_196' title='bbox 1246 2774 1300 2841; x_wconf 88' lang='lat' dir='ltr'>ille</span> 
     </span>
     <span class='ocr_line' id='line_1_25' title="bbox 209 2878 1300 2968; baseline 0.002 -26"><span class='ocrx_word' id='word_1_197' title='bbox 209 2880 319 2968; x_wconf 91' lang='lat' dir='ltr'>quinto</span> <span class='ocrx_word' id='word_1_198' title='bbox 342 2879 395 2946; x_wconf 89' lang='lat' dir='ltr'>die</span> <span class='ocrx_word' id='word_1_199' title='bbox 416 2879 539 2946; x_wconf 88' lang='lat' dir='ltr'>litteras</span> <span class='ocrx_word' id='word_1_200' title='bbox 561 2879 710 2962; x_wconf 85' lang='lat' dir='ltr'>reddidit,</span> <span class='ocrx_word' id='word_1_201' title='bbox 733 2900 816 2968; x_wconf 85' lang='lat' dir='ltr'>quae</span> <span class='ocrx_word' id='word_1_202' title='bbox 838 2881 1009 2967; x_wconf 88' lang='lat' dir='ltr'>postridie,</span> <span class='ocrx_word' id='word_1_203' title='bbox 1038 2881 1057 2946; x_wconf 94' lang='lat' dir='ltr'>i.</span> <span class='ocrx_word' id='word_1_204' title='bbox 1080 2901 1106 2944; x_wconf 94' lang='lat' dir='ltr'>e.</span> <span class='ocrx_word' id='word_1_205' title='bbox 1128 2878 1300 2961; x_wconf 88' lang='lat' dir='ltr'>Parilibus,</span> 
     </span>
    </p>
   </div>
   <div class='ocr_carea' id='block_1_7' title="bbox 209 3073 413 3084">
    <p class='ocr_par' dir='ltr' id='par_1_7' title="bbox 209 3073 413 3084">
     <span class='ocr_line' id='line_1_26' title="bbox 209 3073 413 3084; baseline 0.015 -3"><span class='ocrx_word' id='word_1_206' title='bbox 209 3073 413 3084; x_wconf 45' lang='lat' dir='ltr'>*sa—m*-</span> 
     </span>
    </p>
   </div>
   <div class='ocr_carea' id='block_1_8' title="bbox 209 3188 1296 4303">
    <p class='ocr_par' dir='ltr' id='par_1_8' title="bbox 280 3188 487 3262">
     <span class='ocr_line' id='line_1_27' title="bbox 280 3188 487 3262; baseline 0.019 -22"><span class='ocrx_word' id='word_1_207' title='bbox 280 3188 307 3256; x_wconf 94' lang='grc'>1)</span> <span class='ocrx_word' id='word_1_208' title='bbox 325 3188 342 3241; x_wconf 92' lang='grc'>1.</span> <span class='ocrx_word' id='word_1_209' title='bbox 361 3195 377 3242; x_wconf 87' lang='lat'>1.</span> <span class='ocrx_word' id='word_1_210' title='bbox 398 3209 425 3262; x_wconf 89' lang='lat' dir='ltr'>p.</span> <span class='ocrx_word' id='word_1_211' title='bbox 444 3192 487 3247; x_wconf 78' lang='lat' dir='ltr'>st.</span> 
     </span>
    </p>

    <p class='ocr_par' dir='ltr' id='par_1_9' title="bbox 279 3275 600 3349">
     <span class='ocr_line' id='line_1_28' title="bbox 279 3275 600 3349; baseline 0.009 -20"><span class='ocrx_word' id='word_1_212' title='bbox 279 3277 308 3344; x_wconf 75' lang='grc'>1)</span> <span class='ocrx_word' id='word_1_213' title='bbox 328 3275 398 3341; x_wconf 81' lang='lat' dir='ltr'>„Qu</span> <span class='ocrx_word' id='word_1_214' title='bbox 417 3276 555 3349; x_wconf 79' lang='lat' dir='ltr'>Tu11.“p.</span> <span class='ocrx_word' id='word_1_215' title='bbox 574 3279 600 3332; x_wconf 91' lang='lat'>8.</span> 
     </span>
    </p>

    <p class='ocr_par' dir='ltr' id='par_1_10' title="bbox 210 3361 1296 3521">
     <span class='ocr_line' id='line_1_29' title="bbox 279 3361 1296 3434; baseline 0 -19"><span class='ocrx_word' id='word_1_216' title='bbox 279 3361 308 3430; x_wconf 82' lang='lat'>3)</span> <span class='ocrx_word' id='word_1_217' title='bbox 326 3362 375 3428; x_wconf 83' lang='lat' dir='ltr'>„lt</span> <span class='ocrx_word' id='word_1_218' title='bbox 393 3366 473 3418; x_wconf 81' lang='lat' dir='ltr'>Ant.“</span> <span class='ocrx_word' id='word_1_219' title='bbox 496 3383 522 3434; x_wconf 88' lang='lat' dir='ltr'>p.</span> <span class='ocrx_word' id='word_1_220' title='bbox 542 3366 576 3421; x_wconf 83' lang='grc'>57</span> <span class='ocrx_word' id='word_1_221' title='bbox 601 3362 730 3434; x_wconf 86' lang='lat' dir='ltr'>(Neapoli</span> <span class='ocrx_word' id='word_1_222' title='bbox 750 3361 901 3432; x_wconf 88' lang='lat' dir='ltr'>Pompeios</span> <span class='ocrx_word' id='word_1_223' title='bbox 926 3362 980 3416; x_wconf 90' lang='lat' dir='ltr'>iter</span> <span class='ocrx_word' id='word_1_224' title='bbox 1001 3363 1066 3418; x_wconf 90' lang='lat' dir='ltr'>circ.</span> <span class='ocrx_word' id='word_1_225' title='bbox 1112 3363 1146 3418; x_wconf 81' lang='lat'>12</span> <span class='ocrx_word' id='word_1_226' title='bbox 1167 3379 1223 3433; x_wconf 87' lang='lat' dir='ltr'>pm.</span> <span class='ocrx_word' id='word_1_227' title='bbox 1246 3368 1296 3429; x_wconf 89' lang='lat' dir='ltr'>est,</span> 
     </span>
     <span class='ocr_line' id='line_1_30' title="bbox 210 3447 851 3521; baseline 0 -19"><span class='ocrx_word' id='word_1_228' title='bbox 210 3463 272 3502; x_wconf 86' lang='lat' dir='ltr'>eum</span> <span class='ocrx_word' id='word_1_229' title='bbox 292 3447 414 3520; x_wconf 80' lang='lat' dir='ltr'>Neapoli</span> <span class='ocrx_word' id='word_1_230' title='bbox 432 3449 582 3506; x_wconf 84' lang='lat' dir='ltr'>Nuceriam</span> <span class='ocrx_word' id='word_1_231' title='bbox 601 3451 653 3505; x_wconf 90' lang='lat' dir='ltr'>iter</span> <span class='ocrx_word' id='word_1_232' title='bbox 670 3451 704 3506; x_wconf 75' lang='lat'>23</span> <span class='ocrx_word' id='word_1_233' title='bbox 721 3466 777 3521; x_wconf 88' lang='lat' dir='ltr'>pm.</span> <span class='ocrx_word' id='word_1_234' title='bbox 796 3448 851 3515; x_wconf 88' lang='lat' dir='ltr'>sit).</span> 
     </span>
    </p>

    <p class='ocr_par' dir='ltr' id='par_1_11' title="bbox 278 3537 670 3608">
     <span class='ocr_line' id='line_1_31' title="bbox 278 3537 670 3608; baseline 0.005 -17"><span class='ocrx_word' id='word_1_235' title='bbox 278 3537 307 3603; x_wconf 83' lang='grc'>4)</span> <span class='ocrx_word' id='word_1_236' title='bbox 325 3537 358 3591; x_wconf 93' lang='lat' dir='ltr'>It.</span> <span class='ocrx_word' id='word_1_237' title='bbox 377 3538 443 3594; x_wconf 87' lang='lat' dir='ltr'>Ant.</span> <span class='ocrx_word' id='word_1_238' title='bbox 460 3554 488 3608; x_wconf 92' lang='lat' dir='ltr'>p.</span> <span class='ocrx_word' id='word_1_239' title='bbox 506 3537 548 3602; x_wconf 79' lang='lat'>47,</span> <span class='ocrx_word' id='word_1_240' title='bbox 566 3538 609 3606; x_wconf 83' lang='grc'>09,</span> <span class='ocrx_word' id='word_1_241' title='bbox 628 3539 670 3594; x_wconf 88' lang='grc'>60.</span> 
     </span>
    </p>

    <p class='ocr_par' dir='ltr' id='par_1_12' title="bbox 278 3621 1013 3696">
     <span class='ocr_line' id='line_1_32' title="bbox 278 3621 1013 3696; baseline 0.003 -19"><span class='ocrx_word' id='word_1_242' title='bbox 278 3624 305 3690; x_wconf 83' lang='grc'>5)</span> <span class='ocrx_word' id='word_1_243' title='bbox 323 3622 357 3677; x_wconf 85' lang='lat' dir='ltr'>It</span> <span class='ocrx_word' id='word_1_244' title='bbox 376 3624 483 3681; x_wconf 87' lang='lat' dir='ltr'>Hieros.</span> <span class='ocrx_word' id='word_1_245' title='bbox 501 3624 634 3696; x_wconf 88' lang='lat' dir='ltr'>(Parthey</span> <span class='ocrx_word' id='word_1_246' title='bbox 651 3629 681 3678; x_wconf 88' lang='lat' dir='ltr'>et</span> <span class='ocrx_word' id='word_1_247' title='bbox 697 3621 810 3691; x_wconf 87' lang='lat' dir='ltr'>Pinder)</span> <span class='ocrx_word' id='word_1_248' title='bbox 828 3642 855 3694; x_wconf 93' lang='lat' dir='ltr'>p.</span> <span class='ocrx_word' id='word_1_249' title='bbox 874 3624 934 3689; x_wconf 76' lang='lat'>289,</span> <span class='ocrx_word' id='word_1_250' title='bbox 953 3624 1013 3680; x_wconf 80' lang='grc'>290.</span> 
     </span>
    </p>

    <p class='ocr_par' dir='ltr' id='par_1_13' title="bbox 210 3707 1296 3870">
     <span class='ocr_line' id='line_1_33' title="bbox 277 3707 1296 3782; baseline 0.002 -20"><span class='ocrx_word' id='word_1_251' title='bbox 277 3709 304 3779; x_wconf 93' lang='grc'>6)</span> <span class='ocrx_word' id='word_1_252' title='bbox 322 3709 354 3764; x_wconf 92' lang='lat' dir='ltr'>It.</span> <span class='ocrx_word' id='word_1_253' title='bbox 374 3715 439 3766; x_wconf 80' lang='lat' dir='ltr'>Ant.</span> <span class='ocrx_word' id='word_1_254' title='bbox 456 3729 483 3782; x_wconf 88' lang='lat' dir='ltr'>p.</span> <span class='ocrx_word' id='word_1_255' title='bbox 502 3713 562 3780; x_wconf 86' lang='grc'>136,</span> <span class='ocrx_word' id='word_1_256' title='bbox 582 3711 631 3767; x_wconf 79' lang='lat'>137</span> <span class='ocrx_word' id='word_1_257' title='bbox 649 3710 749 3780; x_wconf 83' lang='lat' dir='ltr'>(Roma</span> <span class='ocrx_word' id='word_1_258' title='bbox 769 3709 938 3764; x_wconf 85' lang='lat' dir='ltr'>Florentiam</span> <span class='ocrx_word' id='word_1_259' title='bbox 956 3710 1011 3764; x_wconf 88' lang='lat' dir='ltr'>iter</span> <span class='ocrx_word' id='word_1_260' title='bbox 1029 3711 1078 3766; x_wconf 83' lang='lat'>189</span> <span class='ocrx_word' id='word_1_261' title='bbox 1095 3725 1161 3780; x_wconf 73' lang='lat' dir='ltr'>pm,</span> <span class='ocrx_word' id='word_1_262' title='bbox 1181 3707 1296 3764; x_wconf 72' lang='lat' dir='ltr'>Floren-</span> 
     </span>
     <span class='ocr_line' id='line_1_34' title="bbox 210 3795 1040 3870; baseline 0.001 -22"><span class='ocrx_word' id='word_1_263' title='bbox 210 3795 249 3848; x_wconf 90' lang='lat' dir='ltr'>tia</span> <span class='ocrx_word' id='word_1_264' title='bbox 266 3795 422 3852; x_wconf 85' lang='lat' dir='ltr'>Bononiam</span> <span class='ocrx_word' id='word_1_265' title='bbox 441 3815 464 3853; x_wconf 85' lang='lat' dir='ltr'>c.</span> <span class='ocrx_word' id='word_1_266' title='bbox 484 3797 520 3854; x_wconf 83' lang='grc'>60</span> <span class='ocrx_word' id='word_1_267' title='bbox 536 3817 601 3870; x_wconf 81' lang='lat' dir='ltr'>pm,</span> <span class='ocrx_word' id='word_1_268' title='bbox 619 3796 747 3852; x_wconf 88' lang='lat' dir='ltr'>Bononia</span> <span class='ocrx_word' id='word_1_269' title='bbox 765 3795 902 3850; x_wconf 86' lang='lat' dir='ltr'>Mutinam</span> <span class='ocrx_word' id='word_1_270' title='bbox 921 3798 956 3852; x_wconf 74' lang='lat'>25</span> <span class='ocrx_word' id='word_1_271' title='bbox 974 3798 1040 3866; x_wconf 77' lang='lat' dir='ltr'>pm.)</span> 
     </span>
    </p>

    <p class='ocr_par' dir='ltr' id='par_1_14' title="bbox 209 3883 1294 4041">
     <span class='ocr_line' id='line_1_35' title="bbox 278 3883 1294 3954; baseline -0.001 -17"><span class='ocrx_word' id='word_1_272' title='bbox 278 3883 306 3954; x_wconf 89' lang='grc'>7)</span> <span class='ocrx_word' id='word_1_273' title='bbox 325 3883 368 3938; x_wconf 87' lang='lat' dir='ltr'>De</span> <span class='ocrx_word' id='word_1_274' title='bbox 385 3884 505 3940; x_wconf 77' lang='lat' dir='ltr'>victoria</span> <span class='ocrx_word' id='word_1_275' title='bbox 519 3884 669 3939; x_wconf 86' lang='lat' dir='ltr'>Mutinensi</span> <span class='ocrx_word' id='word_1_276' title='bbox 687 3898 809 3954; x_wconf 84' lang='lat' dir='ltr'>quonam</span> <span class='ocrx_word' id='word_1_277' title='bbox 828 3887 953 3953; x_wconf 86' lang='lat' dir='ltr'>ternpore</span> <span class='ocrx_word' id='word_1_278' title='bbox 972 3883 1086 3937; x_wconf 73' lang='lat' dir='ltr'>nundus</span> <span class='ocrx_word' id='word_1_279' title='bbox 1105 3883 1213 3938; x_wconf 87' lang='lat' dir='ltr'>Roman</span> <span class='ocrx_word' id='word_1_280' title='bbox 1232 3900 1294 3954; x_wconf 88' lang='lat' dir='ltr'>per-</span> 
     </span>
     <span class='ocr_line' id='line_1_36' title="bbox 209 3969 477 4041; baseline 0.022 -21"><span class='ocrx_word' id='word_1_281' title='bbox 209 3969 317 4024; x_wconf 79' lang='lat' dir='ltr'>venerit</span> <span class='ocrx_word' id='word_1_282' title='bbox 335 3969 372 4025; x_wconf 86' lang='lat' dir='ltr'>cf.</span> <span class='ocrx_word' id='word_1_283' title='bbox 390 3989 417 4041; x_wconf 93' lang='lat' dir='ltr'>p.</span> <span class='ocrx_word' id='word_1_284' title='bbox 435 3974 477 4028; x_wconf 78' lang='lat'>44.</span> 
     </span>
    </p>

    <p class='ocr_par' dir='ltr' id='par_1_15' title="bbox 276 4057 665 4126">
     <span class='ocr_line' id='line_1_37' title="bbox 276 4057 665 4126; baseline -0.003 -14"><span class='ocrx_word' id='word_1_285' title='bbox 276 4058 304 4123; x_wconf 89' lang='lat'>8)</span> <span class='ocrx_word' id='word_1_286' title='bbox 322 4057 359 4114; x_wconf 87' lang='lat' dir='ltr'>cf.</span> <span class='ocrx_word' id='word_1_287' title='bbox 378 4059 414 4111; x_wconf 86' lang='lat' dir='ltr'>ad</span> <span class='ocrx_word' id='word_1_288' title='bbox 434 4058 501 4116; x_wconf 84' lang='lat' dir='ltr'>fam.</span> <span class='ocrx_word' id='word_1_289' title='bbox 522 4061 562 4123; x_wconf 90' lang='grc'>10,</span> <span class='ocrx_word' id='word_1_290' title='bbox 581 4059 624 4126; x_wconf 84' lang='grc'>30,</span> <span class='ocrx_word' id='word_1_291' title='bbox 644 4060 665 4112; x_wconf 95' lang='lat' dir='ltr'>l.</span> 
     </span>
    </p>

    <p class='ocr_par' dir='ltr' id='par_1_16' title="bbox 209 4143 1291 4303">
     <span class='ocr_line' id='line_1_38' title="bbox 276 4143 1291 4216; baseline 0.004 -20"><span class='ocrx_word' id='word_1_292' title='bbox 276 4144 304 4214; x_wconf 87' lang='lat'>9)</span> <span class='ocrx_word' id='word_1_293' title='bbox 322 4144 358 4198; x_wconf 87' lang='lat' dir='ltr'>cf.</span> <span class='ocrx_word' id='word_1_294' title='bbox 377 4145 414 4200; x_wconf 86' lang='lat' dir='ltr'>ad</span> <span class='ocrx_word' id='word_1_295' title='bbox 432 4145 498 4200; x_wconf 83' lang='lat' dir='ltr'>iam.</span> <span class='ocrx_word' id='word_1_296' title='bbox 517 4147 559 4212; x_wconf 90' lang='lat'>10,</span> <span class='ocrx_word' id='word_1_297' title='bbox 577 4147 620 4215; x_wconf 87' lang='grc'>30,</span> <span class='ocrx_word' id='word_1_298' title='bbox 639 4146 667 4200; x_wconf 79' lang='lat'>4:</span> <span class='ocrx_word' id='word_1_299' title='bbox 689 4143 847 4215; x_wconf 84' lang='lat' dir='ltr'>„Antonius</span> <span class='ocrx_word' id='word_1_300' title='bbox 869 4161 932 4199; x_wconf 89' lang='lat' dir='ltr'>cum</span> <span class='ocrx_word' id='word_1_301' title='bbox 954 4143 1095 4216; x_wconf 90' lang='lat' dir='ltr'>equitibus</span> <span class='ocrx_word' id='word_1_302' title='bbox 1114 4143 1184 4202; x_wconf 86' lang='lat' dir='ltr'>hora</span> <span class='ocrx_word' id='word_1_303' title='bbox 1201 4144 1291 4200; x_wconf 87' lang='lat' dir='ltr'>noctis</span> 
     </span>
     <span class='ocr_line' id='line_1_39' title="bbox 209 4231 944 4303; baseline 0 -17"><span class='ocrx_word' id='word_1_304' title='bbox 209 4237 310 4303; x_wconf 84' lang='lat' dir='ltr'>quarta</span> <span class='ocrx_word' id='word_1_305' title='bbox 328 4249 358 4286; x_wconf 86' lang='lat' dir='ltr'>se</span> <span class='ocrx_word' id='word_1_306' title='bbox 376 4232 405 4288; x_wconf 91' lang='lat' dir='ltr'>in</span> <span class='ocrx_word' id='word_1_307' title='bbox 423 4238 518 4288; x_wconf 83' lang='lat' dir='ltr'>castra</span> <span class='ocrx_word' id='word_1_308' title='bbox 536 4249 587 4287; x_wconf 87' lang='lat' dir='ltr'>sua</span> <span class='ocrx_word' id='word_1_309' title='bbox 605 4231 642 4287; x_wconf 88' lang='lat' dir='ltr'>ad</span> <span class='ocrx_word' id='word_1_310' title='bbox 661 4231 797 4287; x_wconf 85' lang='lat' dir='ltr'>Mutinam</span> <span class='ocrx_word' id='word_1_311' title='bbox 814 4231 944 4303; x_wconf 87' lang='lat' dir='ltr'>recepit“</span> 
     </span>
    </p>
   </div>
   <div class='ocr_carea' id='block_1_9' title="bbox 278 4317 480 4392">
    <p class='ocr_par' dir='ltr' id='par_1_17' title="bbox 278 4317 480 4392">
     <span class='ocr_line' id='line_1_40' title="bbox 278 4317 480 4392; baseline 0.01 -18"><span class='ocrx_word' id='word_1_312' title='bbox 278 4317 480 4392; x_wconf 54' lang='lat' dir='ltr'>maen</span> 
     </span>
    </p>
   </div>
   <div class='ocr_carea' id='block_1_10' title="bbox 0 0 1574 4762">
    <p class='ocr_par' dir='ltr' id='par_1_18' title="bbox 0 0 1574 4762">
     <span class='ocr_line' id='line_1_41' title="bbox 0 0 1574 4762; baseline 0 4"><span class='ocrx_word' id='word_1_313' title='bbox 0 0 1574 4762; x_wconf 95' lang='lat' dir='ltr'> </span> 
     </span>
    </p>
   </div>
  </div>
 </body>
</html>
