3140 4762
647 237 857 302 ..47-

210 413 261 476 die
284 433 357 477 curn
380 409 523 474 exercitu
545 407 682 472 confecit
703 407 878 495 eodemque
900 407 953 472 die
976 408 1146 495 epistulam
1162 411 1190 476 6.
1207 409 1302 476 dedit.

209 523 321 602 Itaque
344 511 500 602 epistulae
524 513 552 591 1,
575 511 611 576 6:
634 509 743 591 ‚‚XIV.
759 511 800 575 K.
817 511 934 576 Junias
954 515 1029 576 etc.“
1053 511 1302 578 adscribendum

210 639 280 683 esse
307 637 438 698 censeo,
468 635 565 700 quarn
598 614 806 700 scripturam,
834 623 870 678 ut
886 612 1005 702 'postea
1027 614 1112 696 vidi,
1138 616 1172 678 in
1193 614 1302 680 codice

208 719 354 785 Mediceo
377 718 529 784 traditam
552 716 593 781 ab
615 716 664 796 iis,
687 719 741 803 qui
762 737 865 806 nuper
880 715 1046 784 Ciceronis
1069 719 1223 806 epistulas
1238 719 1304 784 edi-

210 822 335 906 derunt,
357 844 422 887 non
444 823 479 885 in
500 829 687 886 contextum
707 828 871 906 receptam
890 843 960 886 esse
982 820 1077 886 valde
1098 821 1245 890 demiror.
1260 861 1303 872 —

294 925 459 1014 Epistulas
489 924 532 990 ad
560 923 604 992 M.
636 923 724 988 Brut.
758 928 786 1007 1,
815 924 901 989 1-6
927 947 965 990 eo
994 934 1136 1013 tempore
1166 927 1313 1013 scriptas

210 1052 280 1095 esse
307 1029 467 1110 videmus,
500 1049 563 1114 quo
595 1028 736 1092 omnium
757 1026 974 1092 Romanorum
1003 1026 1087 1092 oculi
1112 1025 1153 1092 ad
1175 1049 1302 1115 pugnas

208 1132 281 1198 illas
303 1132 527 1215 atrocissimas,
552 1130 667 1218 quibus
682 1131 725 1196 D.
741 1131 861 1196 Brutus
884 1130 1050 1196 obsidione
1071 1131 1225 1196 liberatus
1245 1143 1303 1218 est,

208 1237 344 1302 coniecti
373 1244 471 1302 erant.
525 1235 701 1322 Sequentes
731 1234 886 1321 epistulae
915 1235 949 1298 in
978 1235 1195 1324 reipublicae
1227 1258 1301 1303 con·

209 1340 333 1407 dicione
363 1361 411 1421 ea,
441 1361 523 1427 quae
545 1338 663 1426 Lepidi
684 1361 757 1404 oum
779 1339 822 1404 M.
845 1339 987 1402 Antonio
1011 1338 1124 1423 fugato
1148 1341 1300 1405 coniunc-

209 1445 295 1510 tione
324 1443 411 1509 facta
442 1451 508 1526 est,
536 1442 747 1508 describenda
776 1449 956 1508 versantur.
1006 1440 1059 1505 Ad
1088 1465 1168 1529 quas
1194 1452 1302 1509 tamen

210 1546 361 1636 epistulas
383 1545 627 1632 pertractandas
648 1567 715 1612 non
736 1546 826 1634 prius
848 1543 1079 1630 transgrediar,
1105 1567 1210 1632 quam,
1226 1570 1302 1635 quo·

202 1649 304 1715 ‘modo
328 1647 481 1734 singulae,
498 1647 545 1712 'de
566 1646 682 1734 quibus
706 1649 784 1733 dixi,
807 1651 933 1715 litterae
956 1648 1086 1714 erebus
1101 1653 1201 1736 gestis
1217 1675 1301 1718 ema-

210 1754 367 1834 naverint,
389 1751 509 1818 tabella
531 1752 806 1819 demonstravero:

212 1879 239 1924 a.
264 1855 292 1922 d.
314 1854 423 1920 XVII.
446 1855 489 1919 Κ.
512 1855 610 1922 Mai:
632 1857 731 1943 Apud
754 1858 876 1923 Forum
899 1856 1066 1923 Gallorum
1087 1866 1258 1942 pugnatur.

211 1983 240 2028 a.
264 1959 292 2022 d.
308 1957 385 2023 XII.
400 1956 441 2023 Κ.
457 1958 548 2024 Mai:
570 1958 710 2024 Nuntius
730 1959 771 2024 de
785 1958 847 2024 hac
861 1949 972 2047 pugna
985 1960 1121 2025 Romam
1135 1961 1303 2047 perfertur.

210 2085 238 2130 a.
260 2061 291 2129 d.
314 2061 373 2126 XI.
389 2060 429 2128 Κ.
445 2061 540 2127 Mai:
563 2061 676 2127 Cicero
698 2063 733 2127 in
755 2073 869 2128 senatu
883 2063 964 2132 Phil.
981 2065 1029 2130 14.
1044 2064 1151 2146 habet,
1172 2065 1215 2130 M.
1235 2065 1304 2130 An·

296 2167 403 2232 tonius
425 2163 528 2230 hostis
551 2164 720 2234 iudicatur.

213 2292 239 2336 a.
261 2269 291 2336 d.
316 2269 356 2336 X.
378 2268 421 2336 K.
444 2269 535 2335 Mai:
563 2267 676 2334 Cicero
701 2268 874 2356 depugna
897 2268 983 2358 apud
1006 2271 1080 2337 For.
1104 2269 1187 2335 Gall.
1210 2280 1242 2336 et
1265 2273 1305 2338 de

295 2373 338 2440 M.
363 2373 507 2438 Antonio
532 2372 623 2438 hoste
644 2372 786 2438 iudicato
809 2372 852 2437 ad
871 2371 915 2438 M.
940 2373 1030 2440 Brut.
1055 2372 1165 2439 scribit
1189 2377 1217 2456 1,
1241 2377 1271 2441 3.

212 2499 239 2542 a.
262 2477 292 2540 d.
315 2476 355 2542 V.
377 2475 416 2544 K
439 2475 530 2545 Mai:
553 2476 715 2542 Proelium
731 2476 912 2542 Mutinense
935 2479 1156 2560 committitur3
1178 2477 1305 2544 Hirtius

294 2581 490 2646 interficitur.
521 2619 562 2630 —
590 2581 711 2647 Romae
743 2579 860 2645 bellum
890 2591 989 2646 contr.
1012 2580 1216 2670 Dolabellam
1248 2603 1303 2666 ge·

276 2683 433 2750 cundum
456 2683 570 2750 Cassio
593 2683 639 2770 (et
661 2684 776 2771 Bruto)
801 2682 990 2750 decernitur.

209 2811 240 2859 a.
262 2789 293 2858 d.
315 2790 370 2855 IV.
392 2786 433 2855 K.
455 2785 545 2854 Mai:
567 2786 678 2853 Pansa
698 2787 866 2854 Bononiae
888 2787 1032 2852 moritur.

209 2915 237 2957 a.
261 2892 290 2959 d.
312 2891 370 2958 ΠΙ.
393 2890 434 2958 K.
457 2889 551 2958 Mai:
574 2891 614 2958 D.
636 2891 758 2956 Brutus
779 2891 916 2977 Regium
931 2889 1049 2978 Lepidi
1070 2889 1233 2978 profectus
1255 2890 1301 2956 ibi
1349 2894 1351 2898 ’

294 3019 342 3084 ep.
366 2997 409 3062 ad
430 2996 506 3062 fam.
530 2997 580 3078 11,
602 2995 622 3060 9
645 2994 763 3060 scribit.

210 3120 239 3163 a.
264 3098 294 3162 d.
316 3099 372 3167 VI.
393 3101 474 3166 Non.
496 3099 587 3164 Mai:
607 3096 709 3163 Primi
731 3099 835 3165 nuntii
859 3098 1055 3163 devictoris
1073 3097 1153 3163 Mut.
1167 3097 1303 3162 Romam

293 3202 503 3290 perferuntur.
536 3201 601 3269 Oic.
624 3201 679 3270 dat
702 3203 744 3267 ad
766 3202 923 3268 Plancum
945 3223 993 3289 ep.
1017 3201 1060 3268 ad
1081 3200 1155 3264 farn.
1180 3201 1231 3282 10,
1254 3202 1302 3266 14.

209 3327 237 3372 a.
262 3304 290 3370 d.
307 3306 344 3374 V.
360 3305 441 3372 Non.
454 3305 550 3374 Mai:
572 3307 624 3372 De
639 3304 824 3371 consulibus
838 3304 1014 3371 interfectis
1029 3304 1150 3369 Romae
1165 3311 1302 3372 constat.

295 3409 408 3474 Cicero
431 3410 543 3476 scribit
565 3410 606 3476 ad
622 3410 667 3479 M.
682 3410 844 3499 Brutep.
862 3409 891 3485 1,
906 3407 973 3492 ab,
998 3408 1110 3474 Cicero
1134 3407 1245 3472 scribit
1260 3406 1302 3472 ad

294 3513 459 3597 Plancum,
481 3522 518 3578 ut
539 3516 608 3579 eius
629 3515 738 3597 frater,
765 3521 896 3601 praetor
918 3513 1071 3593 urbanus,
1092 3511 1227 3578 Romam
1248 3533 1302 3577 ve-

295 3619 378 3683 niret
400 3618 441 3687 cf.
464 3616 506 3683 ad
527 3617 603 3686 farn.
628 3619 678 3698 10,
699 3617 790 3700 21b3
813 3640 845 3704 p.
867 3617 919 3686 45.

209 3745 237 3787 a.
261 3721 290 3789 d.
312 3720 372 3787 ΙΙΙ.
394 3721 476 3789 Non.
499 3720 589 3785 Mai:
614 3720 726 3786 Oiecro
750 3720 793 3785 ad
813 3721 856 3787 M.
876 3719 968 3788 Brut.
990 3721 1121 3807 ep.1,5
1143 3718 1183 3786 de
1206 3741 1298 3785 sena·

293 3834 432 3894 tuscons.
455 3847 482 3890 a.
506 3824 535 3889 d.
558 3824 598 3891 V.
614 3824 655 3893 K.
678 3823 754 3890 Mai.
778 3824 863 3890 facto
888 3822 1005 3888 scribit.

207 3930 319 3997 Idibus
348 3928 461 3994 Maiis:
491 3927 534 3993 Μ.
559 3926 679 3993 Brutus
709 3950 759 4017 ep.
790 3930 862 4012 1,3
892 3937 924 3992 et
953 3925 1002 3990 3b
1033 3924 1208 4012 respondet
1233 3925 1300 4014 epi·

209 4163 237 4205 a.
261 4033 579 4204 d.sllll8ll.lMl·Jun.:
611 4135 653 4202 M.
676 4113 795 4198 Brutus
824 4131 866 4226 ad
889 4156 937 4220 ep.
962 4135 1033 4218 1,5
1062 4132 1211 4198 rescribit
1233 4132 1298 4220 epi·

205 4335 210 4344 ¹
293 4242 409 4308 stulam
433 4240 461 4326 1,
484 4241 513 4304 6.
