3140 4762
295 1201 403 1334 Cum
433 1267 529 1333 rebus
558 1265 714 1332 Romanis
743 1264 806 1331 illis
827 1263 1114 1354 implicatissimis,
1147 1287 1230 1354 quae
1259 1288 1300 1330 ex

215 1372 365 1438 Caesaris
395 1373 527 1459 interitu
556 1391 657 1458 usque
687 1369 728 1434 ud
757 1369 912 1457 proelium
934 1367 1141 1458 Philippense
1163 1370 1303 1450 fuerunt,
1337 1375 1340 1384 ’

210 1475 449 1564 pertractandis
477 1495 616 1561 operum·
638 1473 762 1553 darem,
790 1474 823 1536 in
845 1494 951 1537 rerum
973 1481 1136 1558 gestarum
1159 1482 1302 1560 tempore

208 1590 305 1667 utque
335 1579 447 1645 ordine
478 1576 701 1642 constituendo
733 1576 800 1641 lere
823 1597 949 1664 semper
969 1574 1047 1640 mibi
1071 1575 1112 1640 ad
1135 1574 1301 1641 Ciceronis

206 1683 359 1770 epistulas
393 1690 462 1748 erat
482 1680 719 1746 recurrendum.
770 1678 867 1760 Quod
889 1700 951 1766 quo
975 1678 1103 1767 saepius
1125 1677 1239 1760 fiebat,
1261 1699 1300 1743 eo

205 1786 310 1870 magis
341 1784 487 1852 dolebam
517 1784 556 1850 de
579 1792 736 1872 ternpore,
765 1804 827 1870 quo
858 1780 1003 1866 singulae
1025 1779 1181 1870 epistulae
1204 1779 1300 1846 delae

207 1899 302 1976 atque
330 1887 475 1956 redditae
505 1899 627 1969 essent,
656 1889 765 1973 itaque
795 1884 834 1949 de
855 1884 982 1949 illorum
1005 1906 1162 1950 annorum
1185 1882 1296 1948 discri-

209 1991 388 2057 bendorum
409 1993 620 2058 fundamento
644 1989 771 2053 minime
793 1986 886 2052 nobis
905 1995 1062 2058 constare.

291 2095 375 2158 Nam
406 2118 460 2176 ea,
490 2114 573 2180 quae
601 2091 744 2158 loannes
773 2089 813 2154 de
836 2088 963 2156 Gruber
972 2093 998 2177 1)
1029 2113 1113 2157 anno
1146 2091 1228 2156 1836
1259 2089 1299 2155 de

206 2205 352 2282 tempore
386 2217 424 2259 uc
455 2196 535 2260 serie
569 2193 733 2260 Ciceronis
767 2191 992 2279 epistularum,
1012 2204 1060 2260 ·ut
1089 2193 1296 2260 Schuetzium

210 2296 404 2382 emendaret,
428 2298 585 2380 disseruit,
607 2319 726 2382 magna
749 2319 789 2362 ex
811 2305 904 2382 parte
925 2306 1054 2380 nostrae
1077 2297 1117 2362 de
1132 2296 1299 2362 Ciceronis

208 2409 314 2466 aetate
331 2401 497 2467 scientiae
526 2424 590 2467 non
612 2401 678 2468 iam
701 2402 872 2466 convenire
895 2422 1118 2481 cumeorum,
1149 2401 1204 2487 qui
1225 2410 1301 2488 post

207 2503 401 2570 Gruberiani
439 2502 584 2592 opusculi
619 2504 790 2570 editionem
821 2526 872 2569 res
902 2503 1065 2570 Romanas
1096 2504 1297 2590 scripserint:

208 2607 405 2684 Drumenni,
433 2607 557 2692 Peteri,
578 2608 787 2690 Mommseni,
809 2606 944 2694 Langii,
968 2608 1103 2673 aliorum
1125 2606 1207 2690 libri,
1230 2617 1298 2672 tum

206 2709 259 2775 Br.
284 2710 417 2796 Nakiia)
447 2710 488 2777 de
512 2712 677 2792 nonnullis
697 2708 906 2800 epistularum
928 2709 1115 2796 corporibus
1138 2732 1297 2776 commen-

207 2814 344 2879 tationes
369 2812 494 2896 docent,
520 2835 600 2900 quas
622 2813 901 2898 Wesenbergium‚
924 2813 978 2901 qui
1000 2813 1183 2901 nuperrime
1206 2813 1293 2880 Cice·

207 2918 295 2983 ronis
318 2917 472 3003 epistulas
494 2916 605 2999 edidit,
628 2917 757 2982 minime
780 2937 911 2982 curasse
932 2914 1028 2981 valde
1054 2915 1202 2982 demiror.
1247 2917 1299 2981 De
1406 2976 1409 2980 .

207 3018 278 3083 eliis
300 3019 461 3086 nonnullis
484 3018 637 3106 epistulis,
667 3041 730 3107 quo
753 3028 895 3106 tempore
917 3018 1013 3084 datae
1035 3029 1132 3106 atque
1155 3018 1299 3086 redditae

208 3123 280 3205 sint,
303 3121 340 3186 C·
363 3122 553 3210 Bardtiusss)
577 3124 757 3188 accuratius
781 3121 966 3209 disputavit.
1017 3121 1170 3187 Attamen
1196 3143 1300 3210 parva

207 3225 426 3292 tantummodo
457 3226 664 3314 epistularum
693 3247 775 3311 quae
804 3223 847 3290 ad
874 3223 1048 3290 familiares
1071 3225 1298 3306 inscribuntur,

207 3346 283 3411 pars
305 3325 347 3391 ab
368 3327 418 3392 his
439 3331 517 3393 viris
540 3329 642 3395 doctis
665 3327 708 3395 ad
729 3329 881 3417 temporis
902 3329 1059 3394 rationem
1081 3337 1170 3394 recte
1192 3328 1298 3416 dispo·

207 3429 269 3494 sita
302 3438 366 3512 est,
401 3433 503 3496 maior
533 3431 659 3498 illarum
696 3453 848 3498 numerus
879 3431 1044 3498 subtiliore
1075 3432 1298 3518 disquisitione

277 3691 304 3756 l)
324 3688 480 3756 „Quaestio
509 3690 543 3744 de
565 3696 690 3762 tempore
714 3694 798 3760 atque
827 3689 897 3744 serie
925 3688 1107 3760 epistularum
1131 3688 1301 3748 ciceronnr‘

208 3775 337 3831 Suudiae
358 3777 435 3834 1836.

276 3864 305 3934 2)
323 3863 401 3932 „Der
436 3861 635 3918 Briefwecbeel
664 3864 801 3918 zwisehen
830 3863 927 3919 Cicero
959 3861 1016 3916 und
1044 3861 1174 3920 Caelius“
1205 3863 1300 3922 Fleck.

208 3947 309 4008 Jahrb.
328 3952 370 4018 89,
389 3969 417 4022 p.
436 3949 547 4006 60-68.
584 3951 646 4016 „De
665 3951 708 4006 Μ..
716 3949 792 4007 Caeli
806 3947 873 4004 Rufi
891 3949 1075 4020 epistularum
1094 3950 1185 4006 libro“
1203 3950 1302 4021 Symb.

208 4036 303 4106 philol.
349 4037 440 4094 Bonn.
480 4055 508 4107 p.
529 4037 676 4094 ate-384.
721 4038 785 4108 „De
807 4035 905 4092 Planci
936 4039 965 4089 et
987 4034 1130 4091 Ciceronis
1156 4036 1301 4107 epistulis“
1355 4054 1361 4063 ·

209 4123 303 4178 Berlin
326 4126 402 4182 1866.
449 4124 527 4194 „Der
554 4124 752 4182 Briefwechsel
782 4123 923 4180 awischen
952 4122 1049 4178 (licere
1079 4124 1138 4178 und
1168 4123 1303 4180 Decimus

209 4210 330 4266 Brutus“
365 4211 459 4268 Fleck.
496 4210 594 4266 Jahrb.
612 4214 630 4268 8
648 4212 747 4283 Suppl.

276 4299 304 4366 3)
322 4299 525 4368 „Quaestiones
543 4298 714 4356 Tullianae‘
749 4299 872 4356 Berolini
892 4296 972 4352 1866.
1074 4384 1090 4440 1
