3140 4762
658 309 872 376 ..14-

218 491 323 547 torum
355 491 486 570 propter
514 489 738 547 veteranorum
767 481 944 568 turbaeque
972 480 1109 546 forensis
1136 478 1309 546 Gaesarem

87 585 89 589 ’
222 585 439 650 ulciscendum
470 607 540 650 esse
569 586 738 651 clamantis
765 586 944 651 cotidianos
973 584 1128 650 tumultur
1151 603 1310 648 unacum

218 688 262 753 M.
279 687 380 754 Bruto
404 697 435 752 et
451 685 486 755 Ο.
502 687 616 754 (lessio
639 687 752 754 urbem
774 688 989 775 reliquissent,
1011 687 1052 756 D.
1063 687 1185 753 Brutus
1202 696 1310 753 autem

161 785 162 788 ¹
217 794 302 878 ipse,
332 800 368 856 ut
399 814 456 856 suo
478 792 736 878 reliquorumque
758 795 995 858 coniuratorum
1018 792 1145 857 nomine
1169 813 1242 856 cum
1263 791 1310 860 M.

220 897 361 961 Antonio
395 895 626 982 pacisceretur,
658 897 753 961 etiam
777 905 845 960 tum
868 896 989 962 Romae
1012 895 1130 981 esset1)
1153 895 1192 960 cl.
1216 893 1248 984 ᾗ.
1272 896 1308 960 1:

216 999 308 1080 „Quo
338 1001 371 1063 in
403 1006 490 1063 statu
520 999 635 1081 simus,
664 1001 862 1084 cognoscite:
893 1000 961 1065 heri
989 999 1118 1086 vesperi
1149 998 1236 1087 apud
1258 1020 1309 1063 me

217 1102 343 1167 Hirtius
366 1103 443 1182 fuit,
467 1122 531 1188 qua
553 1109 660 1166 mente
683 1111 767 1168 esset
788 1103 949 1188 Antonius
973 1103 1213 1183 demonstravit,
1237 1123 1308 1188 pes-

221 1206 304 1271 sima
326 1205 428 1270 silicet
444 1214 476 1269 et
490 1205 718 1272 infidelissime.
747 1207 831 1272 Nam
848 1228 1000 1293 seneque
1016 1205 1094 1270 mihi
1109 1205 1310 1291 provinciam

217 1299 296 1374 (lare
316 1330 412 1397 posse
435 1307 543 1373 aicbat
564 1331 668 1395 neque
692 1309 842 1377 arbitrari
863 1319 932 1376 tuto
954 1312 988 1375 in
1008 1309 1088 1375 urbe
1111 1328 1181 1373 esse
1200 1329 1309 1395 quam-

216 1435 313 1500 quam
341 1421 485 1478 nostrum
515 1404 574 1480 eto.
618 1409 649 1501 ξ.
673 1415 701 1480 4.
732 1411 795 1478 Pro
819 1412 934 1478 Cassio
965 1422 997 1478 et
1022 1421 1083 1492 tc,
1101 1412 1127 1476 si
1158 1401 1236 1498 quid
1257 1433 1308 1476 mc

215 1516 322 1582 velitis
343 1501 505 1605 recipere,
530 1516 693 1603 recipiam.
738 1516 886 1581 Postulat
913 1517 998 1582 enim
1020 1514 1080 1581 hoc
1101 1514 1243 1596 Hirtius,
1274 1525 1310 1580 ut

217 1620 347 1688 faciam.
390 1619 480 1704 Rogo
504 1642 562 1685 vos
583 1642 678 1707 quam
702 1621 839 1706 primum
863 1619 940 1684 mihi
963 1617 1147 1684 rescribatis
1169 1657 1211 1667 —
1232 1640 1310 1684 nam

216 1745 284 1788 non
306 1721 428 1803 dubito,
452 1713 527 1808 quin
552 1722 602 1787 his
625 1723 664 1788 de
687 1721 784 1788 rebus
799 1732 873 1788 ante
889 1721 1001 1788 horam
1017 1730 1166 1807 quartam
1180 1720 1307 1787 Hirtius

216 1828 383 1892 certiorem
413 1849 464 1891 me
494 1827 544 1890 sit¹
564 1825 708 1891 facturus
746 1864 781 1874 -
815 1849 909 1919 quem
939 1825 973 1890 in
1002 1823 1107 1889 locum
1137 1827 1310 1890 convenire

215 1931 387 2017 possimus,
409 1951 472 2016 quo
494 1951 546 1994 mc
568 1928 674 1993 velitis
696 1930 806 1995 venire
827 1930 1010 1996 rescribite“
1034 1937 1095 1994 etc.
1195 2015 1197 2022 Ι

305 2033 523 2116 Quamobrem
546 2035 724 2114 terminum,
748 2043 822 2098 ante
845 2055 939 2121 quem
955 2023 1100 2120 ⁴epistula
1123 2033 1310 2118 scriptasit,

216 2138 432 2220 inveniemus,
456 2137 483 2202 si
506 2159 568 2223 quo
591 2147 733 2224 tempore
756 2137 797 2204 D.
821 2137 941 2203 Brutus
963 2138 1065 2202 Roma
1090 2157 1237 2220 egressus
1260 2135 1309 2218 sit,

215 2242 524 2326 investigaverimus
569 2242 621 2304 Ac
644 2241 758 2308 Cicero
782 2241 910 2327 quidem
934 2241 976 2305 ad
998 2247 1063 2306 Att.
1082 2241 1131 2321 14,
1156 2242 1205 2321 13,
1230 2243 1266 2304 1:

184 2381 188 2386 ·
302 2343 463 2431 „Septimo
486 2343 625 2429 denique
649 2330 710 2406 die'
723 2343 847 2408 litterae
867 2343 944 2408 mihi
960 2342 1104 2408 redditae
1120 2352 1203 2426 sunt,
1227 2364 1309 2430 quae

217 2457 309 2513 erant
332 2458 397 2512 ate
413 2445 506 2511 XIH.
523 2445 595 2511 Kal.
611 2446 715 2510 datae.
738 2499 744 2513 .
768 2441 799 2534 ξ.
815 2447 844 2511 2.
866 2447 1025 2528 Quamvis
1039 2446 1124 2510 enim
1139 2453 1174 2511 tu
1189 2467 1309 2530 magna

218 2562 249 2622 et
277 2550 356 2614 mihi
385 2547 527 2629 iucunda
553 2548 720 2636 scripseris
750 2549 790 2614 de
813 2549 853 2613 D.
878 2549 971 2614 Bruti
1004 2549 1145 2614 adventu
1169 2549 1210 2614 ad
1233 2571 1308 2613 suas

218 2655 372 2741 legiones,
393 2655 427 2718 in
452 2675 522 2739 quo.
538 2653 627 2739 spem
649 2654 825 2717 maximam
847 2651 940 2731 video
964 2657 1041 2727 etc.“
1159 2694 1162 2698 -

302 2741 532 2825 commemorat
562 2777 596 2822 sc
620 2755 756 2844 epistula
778 2755 918 2843 quadam
942 2757 982 2822 ab
999 2757 1107 2822 Attico
1124 2777 1152 2820 a.
1169 2754 1198 2820 d.
1214 2753 1309 2820 XIII.

218 2858 290 2926 Kal.
314 2860 391 2925 Mai.
422 2861 542 2947 scripta
567 2859 608 2925 D.
631 2857 767 2926 Brutum
796 2861 831 2938 in
853 2858 989 2924 Galliam
1020 2860 1207 2947 cisalpinam
1237 2880 1309 2945 per·

219 2964 345 3030 venisse
373 2965 542 3028 certiorem
563 2985 634 3028 esse
657 2963 787 3028 factum.
839 2963 880 3028 D.
904 2965 1003 3048 igitur
1024 2962 1161 3028 Brutum
1184 2963 1312 3046 etiamsi

220 3078 397 3134 extremum
437 3066 645 3154 profectionis
681 3068 851 3131 terminum
890 3075 1068 3132 statuamus
1105 3067 1311 3152 Atticumque

220 3172 327 3236 statim
348 3179 423 3256 post
444 3171 593 3236 nuntium
618 3170 658 3234 de
681 3170 776 3236 Bruti
797 3169 839 3235 ad
860 3170 1005 3254 legiones
1028 3169 1170 3236 adventu
1191 3171 1312 3236 Romae

166 3317 169 3326 ·
218 3275 380 3360 cognitum
412 3271 453 3337 ad
476 3272 666 3339 Ciceronem
694 3273 817 3346 litteras
850 3272 977 3338 dedisse
999 3272 1188 3358 fingamus,
1204 3283 1312 3341 tamen

218 3377 344 3443 duobus
372 3376 595 3442 tantummodo
625 3377 677 3443 vel
705 3377 809 3442 tribus
841 3374 953 3441 diebus
983 3387 1058 3464 post
1080 3377 1190 3452 Nonas
1213 3374 1309 3464 April

219 3481 396 3567 profectum
420 3480 645 3568 putabimusl)

306 3582 387 3649 Cum
409 3605 486 3649 vero
511 3582 648 3671 epistula
671 3582 713 3648 ad
735 3584 809 3652 fam.
834 3584 883 3664 11,
901 3585 928 3665 l,
952 3583 991 3650 de
1013 3605 1078 3671 qua
1094 3583 1210 3668 agitur,
1226 3604 1311 3648 com·

219 3685 327 3774 plures
358 3686 426 3751 dies
458 3699 532 3753 ante
553 3687 597 3752 D.
618 3686 712 3753 Bruti
737 3687 968 3774 profectionem
997 3696 1168 3775 propterea
1191 3687 1312 3773 scripta

220 3811 290 3856 esse
314 3790 439 3867 debeat,
462 3791 546 3877 quod
570 3792 638 3855 eius
662 3801 783 3868 auctor,
805 3813 879 3862 cum
903 3812 974 3856 eam
998 3791 1097 3875 daret,
1121 3791 1253 3856 minime
1278 3791 1312 3854 in

219 3895 358 3962 Galliam
381 3894 471 3960 abire
493 3895 718 3978 constituerat,
749 3894 805 3960 sed
829 3894 869 3962 de
890 3893 1050 3981 legatione
1071 3895 1176 3962 libera
1197 3895 1248 3959 vel
1272 3892 1312 3958 de

218 4000 391 4087 praesidio,
415 4019 477 4085 quo
493 3999 614 4064 Romae
637 4008 725 4064 tutus
747 4020 818 4064 esse
833 4006 953 4087 posset,
968 3998 1142 4086 cogitabat,
1158 3997 1211 4086 (cf.
1230 3994 1262 4087 ξ.
1279 3998 1314 4062 2:

291 4243 316 4306 l)
333 4239 483 4293 Drumanu
501 4235 523 4302 Ι,
543 4256 570 4308 p.
592 4239 735 4304 tot-108,
756 4238 905 4294 134—135.
940 4238 1039 4309 Lange
1058 4239 1106 4305 ΙΙΙ,
1125 4255 1151 4309 p.
1164 4234 1314 4292 tua-494.

293 4328 321 4400 2)
340 4325 375 4382 cf.
395 4345 422 4400 p.
442 4327 520 4380 5-6.
