3140 4762
688 265 900 328 -52..

248 439 312 504 huc
332 439 445 505 referri
466 444 581 525 potest,
602 435 704 502 Nonis
726 435 853 500 Martiis
875 456 915 498 ax
937 433 1051 496 castris
1073 431 1242 498 Taricheis
1265 432 1343 498 data

250 553 315 626 est,
340 545 387 608 ita
415 551 466 626 ut,
500 542 528 604 si
557 541 599 606 ad
628 540 714 606 hanc
744 537 914 625 epistulam
948 535 1091 602 eiusdem
1118 535 1192 602 libri
1224 557 1342 602 nonam

249 649 438 737 rescriptam
464 666 534 712 esse
555 664 731 731 ponamus,
755 664 826 706 eam
848 641 920 706 circ
944 641 1117 706 centesimo
1141 640 1270 706 demum
1291 640 1343 706 die

250 775 291 816 ex
313 751 502 817 Palaestina
516 749 651 814 Romam
673 744 830 832 perlatam
852 767 924 810 esse
946 745 1153 811 statuendum
1176 744 1225 810 sit.
1269 744 1343 825 Qua

221 923 226 950 1
249 857 284 920 in
314 877 348 919 re
377 857 462 920 inest
488 874 565 919 sane
596 848 768 916 difficultas
791 848 957 934 quaedam.
1010 849 1165 914 Attamen
1188 846 1345 913 eiusmodi

250 957 491 1024 tabellariorum
512 955 698 1021 tarditatem
721 952 885 1018 Ciceronis
908 959 1013 1017 aetate
1039 973 1143 1037 neque
1164 950 1344 1016 inauditam

250 1061 350 1126 fuisse
382 1081 485 1147 neque
514 1057 556 1124 ab
578 1057 702 1122 itineris
723 1055 807 1120 illius
830 1077 871 1120 ex
895 1055 991 1142 Syria
1012 1055 1045 1120 in
1068 1054 1198 1120 Italiam
1219 1063 1345 1134 natura,

251 1165 355 1252 qualis
393 1186 423 1231 a.
460 1184 490 1229 u.
526 1183 553 1229 c.
592 1161 651 1225 711
690 1160 802 1237 fuerit,
840 1157 1049 1223 abhorruisse
1083 1179 1157 1222 oum
1190 1158 1345 1244 exemplis

251 1292 282 1355 p.
311 1269 361 1333 10.
386 1265 577 1354 propositis,
606 1272 675 1328 tum
702 1261 808 1328 Cassii
837 1263 937 1349 ipsius
964 1260 1071 1327 verbis
1098 1259 1346 1344 demonstratur,

252 1393 335 1458 quae
363 1371 397 1434 in
427 1369 565 1458 epistula
594 1366 636 1433 ad
667 1367 744 1435 fam.
770 1367 824 1447 12,
854 1367 894 1430 12
902 1414 912 1448 ,
943 1365 1206 1447 liuveniuntur,
1239 1364 1345 1430 bisce:

251 1524 270 1557 „
293 1523 301 1536 .
324 1525 332 1539 .
355 1524 363 1538 .
396 1473 491 1538 simul
520 1495 559 1538 ac
581 1471 724 1557 legiones
747 1469 874 1556 accepi,
903 1491 984 1555 quas
1006 1479 1038 1534 et
1060 1468 1206 1534 Allienus
1229 1469 1348 1535 eduxe-

251 1589 303 1644 rat
332 1600 374 1642 ex
403 1579 571 1666 Aegypto,
608 1575 722 1661 scripsi
757 1574 801 1637 ad
830 1583 862 1638 te
897 1571 1145 1659 tabellariosque
1165 1572 1346 1661 complures

252 1683 387 1747 Romam
409 1681 498 1761 misi3
523 1731 529 1744 .
553 1728 560 1743 .
584 1732 592 1748 .
615 1677 701 1764 quod
724 1678 752 1740 si
772 1677 899 1741 litterae
921 1675 1063 1763 perlatas
1085 1697 1151 1741 non
1174 1686 1259 1760 sunt,
1281 1699 1345 1743 non

253 1785 366 1849 dubito
390 1785 468 1872 quin
491 1781 672 1862 Dolabella,
695 1781 750 1867 qui
772 1781 896 1845 nefarie
918 1778 1081 1845 Trebonio
1104 1780 1210 1845 occiso
1232 1781 1345 1846 Asiam

253 1887 432 1974 occupavit,
456 1885 639 1951 tabellarios
662 1906 751 1949 meos
774 1882 1023 1970 deprehenderit
1042 1882 1229 1970 litteraeque
1250 1886 1345 1950 inter·

252 1992 402 2078 ceperit.“

339 2093 484 2177 Accedit,
501 2090 588 2180 quod
602 2091 681 2156 illud
694 2090 921 2175 „Brevitas
936 2099 1066 2154 tuarum
1080 2089 1259 2157 litterarum
1270 2098 1342 2158 eto.“

253 2197 307 2284 (cf.
331 2220 378 2284 ep.
402 2198 431 2280 9,
455 2197 488 2282 1)
520 2198 639 2284 optime
669 2194 711 2260 ad
740 2192 912 2281 epistulam
934 2191 976 2257 ad
998 2192 1072 2260 fam.
1098 2195 1147 2276 12,
1173 2196 1210 2259 11
1234 2195 1347 2261 referri

254 2321 349 2389 posse
370 2299 506 2365 videtur.
557 2299 673 2386 Itaque
695 2298 851 2385 equidem,
873 2318 1068 2383 quamquam
1091 2320 1160 2364 non
1178 2321 1238 2386 pro
1261 2310 1348 2366 certo

254 2403 369 2485 habeo,
389 2413 498 2470 tamen
521 2426 587 2468 non
607 2405 676 2468 sine
699 2403 806 2489 specie
828 2400 971 2487 quadam
992 2399 1268 2468 versimilitudinis
1283 2404 1349 2490 spi-

255 2508 372 2574 stulam
394 2507 436 2572 ad
458 2507 533 2571 fam.
549 2507 577 2571 9.
598 2505 640 2570 ad
656 2505 825 2592 epistulam
841 2506 891 2569 11.
906 2502 1102 2591 respondere
1117 2505 1350 2594 contendam.1)

174 2659 176 2664 -
253 2611 402 2676 Exorata
425 2619 533 2676 autem
555 2618 604 2674 est
626 2631 675 2696 ep.
699 2609 727 2674 9.
750 2607 985 2694 postmodium
1006 2630 1148 2674 mensem
1163 2608 1296 2674 Junium
1317 2619 1350 2674 et

255 2724 329 2780 ante
350 2736 399 2801 pr.
420 2712 494 2780 Kal.
517 2713 645 2796 Quint,
678 2714 753 2798 quia
783 2712 823 2776 de
846 2710 969 2798 Lepido
993 2711 1085 2778 hoste
1105 2712 1248 2779 iudicato
1270 2711 1350 2778 nihil

255 2821 289 2883 in
311 2840 351 2883 ea
373 2825 651 2884 commemoratur.

417 2986 484 3070 llp.
507 2985 562 3050 ad.
585 2985 747 3063 fam.12‚
771 2986 834 3052 10:
861 2984 980 3053 Gioero
1007 2985 1128 3054 Cassio
1152 2986 1187 3054 S.

344 3107 614 3174 Schuetuius:
652 3107 737 3187 „Son
774 3106 895 3173 Romae
931 3107 1022 3171 initio
1055 3105 1208 3188 Quintilis
1236 3108 1278 3175 A.
1307 3106 1347 3172 U.

258 3212 294 3278 α’
319 3213 519 3381 7iiiluna
542 3313 633 3394 „utu
656 3313 741 3396 ouo

256 3441 464 3452 ιι--ι-ιιι-ν-

329 3488 353 3555 1)
373 3486 495 3543 Nostrae
518 3486 674 3541 sententiae
700 3486 867 3541 adversatur
895 3485 930 3541 ΙΙ,
953 3484 1067 3558 Lange,
1094 3485 1137 3540 vir
1161 3473 1347 3554 doctissimus,

255 3571 316 3642 (III,
336 3573 398 3644 536)
423 3574 471 3644 qui
493 3573 643 3644 epistulam
667 3573 704 3627 ad
723 3572 789 3628 fam.
810 3574 850 3638 12,
872 3573 903 3628 11
925 3571 982 3626 iam
999 3573 1106 3629 Romae
1128 3573 1215 3629 fuisse
1239 3573 1347 3643 statuit,

258 3676 320 3714 cum
339 3675 363 3715 a.
384 3659 409 3713 d.
430 3660 464 3718 V.
484 3659 629 3716 Kalliai.
646 3659 865 3716 Cassiobellum
884 3665 983 3716 contra
994 3659 1173 3717 Dolabellam
1191 3662 1347 3734 gerendum

258 3747 401 3802 decretum
422 3753 473 3803 est.
508 3747 590 3814 Quae
608 3747 702 3819 opinio
721 3763 892 3820 quamquam
904 3763 955 3817 por
966 3763 996 3803 se
1008 3753 1082 3804 staro
1093 3751 1195 3821 potest,
1215 3748 1346 3820 quoniam

257 3849 288 3888 rc
306 3849 375 3888 vcra
392 3850 436 3906 ep.
454 3837 497 3890 12,
516 3837 549 3891 11
573 3835 805 3908 quinquagesimo
823 3835 913 3891 altero
931 3835 976 3890 die
995 3851 1029 3892 ex
1047 3836 1211 3892 Palaestina
1228 3837 1347 3894 Romam

257 3919 376 3992 perferri
393 3923 494 3993 potuit,
512 3927 606 3978 tamen
624 3929 775 3996 propterea
792 3921 861 3978 mibi
878 3940 935 3979 non
953 3923 1099 3994 probatur,
1118 3926 1193 3997 quod
1208 3925 1304 3981 Cicero
1317 3925 1347 3980 iu

257 4023 301 4080 ep.
326 4007 363 4062 ed
381 4008 417 4062 Μ.
436 4009 516 4064 Brut.
542 4011 565 4077 1,
583 4011 612 4078 5,
635 4010 686 4066 ubi
711 4012 745 4068 de
769 4016 884 4066 senatus
905 4010 1034 4068 consulto
1057 4028 1084 4067 a.
1103 4013 1128 4067 d.
1148 4014 1182 4069 V.
1201 4013 1346 4069 Kalliai.

256 4096 332 4150 facto
350 4097 438 4151 verba
452 4097 535 4154 facit:
553 4100 616 4168 „De
630 4099 721 4156 Cassii
733 4097 822 4155 nostri
839 4097 944 4170 copiis“
962 4099 1053 4171 inquit
1070 4100 1158 4167 „nihil
1174 4102 1346 4156 sciebamuat

258 4199 369 4256 neque
398 4187 485 4240 onim
509 4189 551 4242 ab
576 4188 650 4259 ipso
674 4187 770 4242 ullae
787 4187 934 4246 litterae
953 4204 1045 4260 nsque
1064 4189 1249 4246 nuntiabatur
1267 4190 1346 4261 quid·

258 4287 351 4344 quam,
372 4274 448 4345 quod
466 4290 518 4345 pro
535 4277 612 4330 certo
631 4275 825 4332 haberemua.“
