<?xml version="1.0" encoding="UTF-8"?>
<!DOCTYPE html PUBLIC "-//W3C//DTD XHTML 1.0 Transitional//EN"
    "http://www.w3.org/TR/xhtml1/DTD/xhtml1-transitional.dtd">
<html xmlns="http://www.w3.org/1999/xhtml" xml:lang="en" lang="en">
 <head>
  <title>
</title>
<meta http-equiv="Content-Type" content="text/html;charset=utf-8" />
  <meta name='ocr-system' content='tesseract 3.04.00' />
  <meta name='ocr-capabilities' content='ocr_page ocr_carea ocr_par ocr_line ocrx_word'/>
</head>
<body>
  <div class='ocr_page' id='page_1' title='image "./deepistulisetac00schmgoog_0020.png"; bbox 0 0 3140 4762; ppageno 0'>
   <div class='ocr_carea' id='block_1_1' title="bbox 690 275 903 341">
    <p class='ocr_par' dir='ltr' id='par_1_1' title="bbox 690 275 903 341">
     <span class='ocr_line' id='line_1_1' title="bbox 690 275 903 341; baseline 0 -15"><span class='ocrx_word' id='word_1_1' title='bbox 690 275 903 341; x_wconf 73' lang='lat'>..11-</span> 
     </span>
    </p>
   </div>
   <div class='ocr_carea' id='block_1_2' title="bbox 186 441 1344 1158">
    <p class='ocr_par' dir='ltr' id='par_1_2' title="bbox 186 441 1344 1158">
     <span class='ocr_line' id='line_1_2' title="bbox 338 441 1344 534; baseline -0.007 -17"><span class='ocrx_word' id='word_1_2' title='bbox 338 450 403 518; x_wconf 90' lang='lat' dir='ltr'>Sed</span> <span class='ocrx_word' id='word_1_3' title='bbox 426 450 466 517; x_wconf 92' lang='lat' dir='ltr'>de</span> <span class='ocrx_word' id='word_1_4' title='bbox 487 448 537 516; x_wconf 89' lang='lat' dir='ltr'>his</span> <span class='ocrx_word' id='word_1_5' title='bbox 559 457 645 514; x_wconf 89' lang='lat' dir='ltr'>certe</span> <span class='ocrx_word' id='word_1_6' title='bbox 665 447 814 514; x_wconf 79' lang='lat' dir='ltr'><strong>insolitae</strong></span> <span class='ocrx_word' id='word_1_7' title='bbox 836 446 997 514; x_wconf 80' lang='lat' dir='ltr'>tarditatis</span> <span class='ocrx_word' id='word_1_8' title='bbox 1019 443 1173 534; x_wconf 84' lang='lat' dir='ltr'>exemplis</span> <span class='ocrx_word' id='word_1_9' title='bbox 1188 441 1344 510; x_wconf 88' lang='lat' dir='ltr'>hactenus</span> 
     </span>
     <span class='ocr_line' id='line_1_3' title="bbox 253 547 1344 639; baseline -0.008 -18"><span class='ocrx_word' id='word_1_10' title='bbox 253 593 294 604; x_wconf 88' lang='lat'>-</span> <span class='ocrx_word' id='word_1_11' title='bbox 316 564 427 636; x_wconf 86' lang='lat' dir='ltr'>restat,</span> <span class='ocrx_word' id='word_1_12' title='bbox 445 563 491 636; x_wconf 90' lang='lat' dir='ltr'>ut,</span> <span class='ocrx_word' id='word_1_13' title='bbox 513 553 664 639; x_wconf 85' lang='lat' dir='ltr'>quoniam</span> <span class='ocrx_word' id='word_1_14' title='bbox 679 553 713 633; x_wconf 88' lang='lat' dir='ltr'>in</span> <span class='ocrx_word' id='word_1_15' title='bbox 729 551 791 616; x_wconf 92' lang='lat' dir='ltr'>hac</span> <span class='ocrx_word' id='word_1_16' title='bbox 804 552 1073 618; x_wconf 87' lang='lat' dir='ltr'>commentatione</span> <span class='ocrx_word' id='word_1_17' title='bbox 1089 547 1245 639; x_wconf 82' lang='lat' dir='ltr'>epistulae</span> <span class='ocrx_word' id='word_1_18' title='bbox 1260 549 1344 616; x_wconf 88' lang='lat' dir='ltr'>inter</span> 
     </span>
     <span class='ocr_line' id='line_1_4' title="bbox 253 651 1344 730; baseline -0.007 -6"><span class='ocrx_word' id='word_1_19' title='bbox 253 657 443 724; x_wconf 80' lang='lat' dir='ltr'>Ciceronem</span> <span class='ocrx_word' id='word_1_20' title='bbox 469 666 502 722; x_wconf 90' lang='lat' dir='ltr'>et</span> <span class='ocrx_word' id='word_1_21' title='bbox 523 657 568 722; x_wconf 90' lang='lat' dir='ltr'>M.</span> <span class='ocrx_word' id='word_1_22' title='bbox 591 655 727 730; x_wconf 80' lang='lat' dir='ltr'><strong>Brutum</strong></span> <span class='ocrx_word' id='word_1_23' title='bbox 756 664 969 722; x_wconf 75' lang='lat' dir='ltr'>commutatae</span> <span class='ocrx_word' id='word_1_24' title='bbox 1000 653 1042 720; x_wconf 90' lang='lat' dir='ltr'>ad</span> <span class='ocrx_word' id='word_1_25' title='bbox 1068 676 1121 720; x_wconf 90' lang='lat' dir='ltr'>res</span> <span class='ocrx_word' id='word_1_26' title='bbox 1143 651 1344 720; x_wconf 83' lang='lat' dir='ltr'>obscuriores</span> 
     </span>
     <span class='ocr_line' id='line_1_5' title="bbox 251 757 1343 847; baseline -0.005 -22"><span class='ocrx_word' id='word_1_27' title='bbox 251 759 459 826; x_wconf 88' lang='lat' dir='ltr'>illustrandas</span> <span class='ocrx_word' id='word_1_28' title='bbox 486 783 583 847; x_wconf 89' lang='lat' dir='ltr'>quam</span> <span class='ocrx_word' id='word_1_29' title='bbox 612 761 799 846; x_wconf 87' lang='lat' dir='ltr'>saepissime</span> <span class='ocrx_word' id='word_1_30' title='bbox 821 757 1076 840; x_wconf 87' lang='lat' dir='ltr'>adhibebuntur,</span> <span class='ocrx_word' id='word_1_31' title='bbox 1105 779 1244 844; x_wconf 89' lang='lat' dir='ltr'>quonam</span> <span class='ocrx_word' id='word_1_32' title='bbox 1266 764 1343 821; x_wconf 90' lang='lat' dir='ltr'>tem-</span> 
     </span>
     <span class='ocr_line' id='line_1_6' title="bbox 186 858 1343 951; baseline -0.006 -22"><span class='ocrx_word' id='word_1_33' title='bbox 186 927 191 934; x_wconf 78' lang='lat'><em>,</em></span> <span class='ocrx_word' id='word_1_34' title='bbox 253 886 331 951; x_wconf 91' lang='lat' dir='ltr'>pore</span> <span class='ocrx_word' id='word_1_35' title='bbox 358 863 484 930; x_wconf 84' lang='lat' dir='ltr'>litterae</span> <span class='ocrx_word' id='word_1_36' title='bbox 504 863 607 928; x_wconf 89' lang='lat' dir='ltr'>Roma</span> <span class='ocrx_word' id='word_1_37' title='bbox 635 862 685 928; x_wconf 91' lang='lat' dir='ltr'>vel</span> <span class='ocrx_word' id='word_1_38' title='bbox 707 860 948 950; x_wconf 85' lang='lat' dir='ltr'>Dyrrhachium</span> <span class='ocrx_word' id='word_1_39' title='bbox 977 861 1029 927; x_wconf 86' lang='lat' dir='ltr'>vel</span> <span class='ocrx_word' id='word_1_40' title='bbox 1060 862 1189 928; x_wconf 90' lang='lat' dir='ltr'>omnino</span> <span class='ocrx_word' id='word_1_41' title='bbox 1211 861 1245 933; x_wconf 85' lang='lat' dir='ltr'>in</span> <span class='ocrx_word' id='word_1_42' title='bbox 1266 858 1343 945; x_wconf 83' lang='lat' dir='ltr'>llly-</span> 
     </span>
     <span class='ocr_line' id='line_1_7' title="bbox 254 964 1343 1056; baseline -0.003 -25"><span class='ocrx_word' id='word_1_43' title='bbox 254 969 335 1034; x_wconf 92' lang='lat' dir='ltr'>riam</span> <span class='ocrx_word' id='word_1_44' title='bbox 364 967 501 1056; x_wconf 84' lang='lat' dir='ltr'>perferri</span> <span class='ocrx_word' id='word_1_45' title='bbox 530 966 642 1034; x_wconf 87' lang='lat' dir='ltr'>solitae</span> <span class='ocrx_word' id='word_1_46' title='bbox 670 967 735 1032; x_wconf 88' lang='lat' dir='ltr'>sint</span> <span class='ocrx_word' id='word_1_47' title='bbox 757 988 924 1054; x_wconf 85' lang='lat' dir='ltr'>exponam.</span> <span class='ocrx_word' id='word_1_48' title='bbox 974 965 1025 1031; x_wconf 94' lang='lat' dir='ltr'>lbi</span> <span class='ocrx_word' id='word_1_49' title='bbox 1049 965 1133 1032; x_wconf 92' lang='lat' dir='ltr'>enim</span> <span class='ocrx_word' id='word_1_50' title='bbox 1156 965 1199 1030; x_wconf 92' lang='grc' dir='ltr'>Μ.</span> <span class='ocrx_word' id='word_1_51' title='bbox 1223 964 1343 1030; x_wconf 91' lang='lat' dir='ltr'>Brutus</span> 
     </span>
     <span class='ocr_line' id='line_1_8' title="bbox 254 1070 968 1158; baseline 0.001 -22"><span class='ocrx_word' id='word_1_52' title='bbox 254 1094 281 1137; x_wconf 94' lang='lat' dir='ltr'>a.</span> <span class='ocrx_word' id='word_1_53' title='bbox 305 1094 335 1136; x_wconf 91' lang='lat' dir='ltr'>u.</span> <span class='ocrx_word' id='word_1_54' title='bbox 358 1094 386 1139; x_wconf 91' lang='lat' dir='ltr'>c.</span> <span class='ocrx_word' id='word_1_55' title='bbox 409 1071 478 1139; x_wconf 78' lang='lat'>710.</span> <span class='ocrx_word' id='word_1_56' title='bbox 501 1079 638 1136; x_wconf 88' lang='lat' dir='ltr'>exeunte</span> <span class='ocrx_word' id='word_1_57' title='bbox 660 1077 767 1136; x_wconf 87' lang='lat' dir='ltr'>castra</span> <span class='ocrx_word' id='word_1_58' title='bbox 788 1070 903 1158; x_wconf 86' lang='lat' dir='ltr'>posuit</span> <span class='ocrx_word' id='word_1_59' title='bbox 926 1107 968 1120; x_wconf 90' lang='lat'><em>-</em></span> 
     </span>
    </p>
   </div>
   <div class='ocr_carea' id='block_1_3' title="bbox 251 1168 1422 3347">
    <p class='ocr_par' dir='ltr' id='par_1_3' title="bbox 251 1168 1422 2410">
     <span class='ocr_line' id='line_1_9' title="bbox 339 1168 1344 1277; baseline -0.004 -21"><span class='ocrx_word' id='word_1_60' title='bbox 339 1192 411 1258; x_wconf 91' lang='lat' dir='ltr'>Hac</span> <span class='ocrx_word' id='word_1_61' title='bbox 439 1191 473 1256; x_wconf 92' lang='lat' dir='ltr'>in</span> <span class='ocrx_word' id='word_1_62' title='bbox 501 1211 537 1266; x_wconf 77' lang='lat' dir='ltr'>re</span> <span class='ocrx_word' id='word_1_63' title='bbox 558 1189 749 1276; x_wconf 81' lang='lat' dir='ltr'>Bardtius1)</span> <span class='ocrx_word' id='word_1_64' title='bbox 783 1198 816 1254; x_wconf 88' lang='lat' dir='ltr'>et</span> <span class='ocrx_word' id='word_1_65' title='bbox 838 1192 892 1277; x_wconf 92' lang='lat' dir='ltr'>qui</span> <span class='ocrx_word' id='word_1_66' title='bbox 914 1211 987 1254; x_wconf 91' lang='lat' dir='ltr'>eum</span> <span class='ocrx_word' id='word_1_67' title='bbox 1010 1168 1138 1264; x_wconf 79' lang='lat' dir='ltr'>seculus</span> <span class='ocrx_word' id='word_1_68' title='bbox 1161 1197 1210 1253; x_wconf 89' lang='lat' dir='ltr'>est</span> <span class='ocrx_word' id='word_1_69' title='bbox 1230 1187 1344 1252; x_wconf 86' lang='lat' dir='ltr'>Fried-</span> 
     </span>
     <span class='ocr_line' id='line_1_10' title="bbox 254 1290 1343 1382; baseline -0.005 -22"><span class='ocrx_word' id='word_1_70' title='bbox 254 1294 420 1381; x_wconf 75' lang='lat' dir='ltr'>laender2)</span> <span class='ocrx_word' id='word_1_71' title='bbox 449 1292 626 1382; x_wconf 89' lang='lat' dir='ltr'>paullulum</span> <span class='ocrx_word' id='word_1_72' title='bbox 649 1303 853 1374; x_wconf 82' lang='lat' dir='ltr'>erraverunt,</span> <span class='ocrx_word' id='word_1_73' title='bbox 882 1293 1000 1380; x_wconf 91' lang='lat' dir='ltr'>quippe</span> <span class='ocrx_word' id='word_1_74' title='bbox 1022 1292 1077 1379; x_wconf 93' lang='lat' dir='ltr'>qui</span> <span class='ocrx_word' id='word_1_75' title='bbox 1099 1290 1182 1356; x_wconf 88' lang='lat' dir='ltr'>falsa</span> <span class='ocrx_word' id='word_1_76' title='bbox 1204 1291 1343 1378; x_wconf 85' lang='lat' dir='ltr'>quadam</span> 
     </span>
     <span class='ocr_line' id='line_1_11' title="bbox 254 1394 1342 1484; baseline -0.004 -20"><span class='ocrx_word' id='word_1_77' title='bbox 254 1400 411 1484; x_wconf 88' lang='lat' dir='ltr'>scriptura</span> <span class='ocrx_word' id='word_1_78' title='bbox 447 1397 575 1484; x_wconf 91' lang='lat' dir='ltr'>decepti</span> <span class='ocrx_word' id='word_1_79' title='bbox 606 1397 651 1466; x_wconf 83' lang='lat' dir='ltr'>M.</span> <span class='ocrx_word' id='word_1_80' title='bbox 684 1397 778 1462; x_wconf 90' lang='lat' dir='ltr'>Bruti</span> <span class='ocrx_word' id='word_1_81' title='bbox 813 1396 1015 1463; x_wconf 83' lang='lat' dir='ltr'>tabellarium</span> <span class='ocrx_word' id='word_1_82' title='bbox 1052 1394 1223 1483; x_wconf 85' lang='lat' dir='ltr'>epistulam</span> <span class='ocrx_word' id='word_1_83' title='bbox 1260 1397 1290 1476; x_wconf 80' lang='lat'>2,</span> <span class='ocrx_word' id='word_1_84' title='bbox 1322 1397 1342 1460; x_wconf 89' lang='lat'><strong>3</strong></span> 
     </span>
     <span class='ocr_line' id='line_1_12' title="bbox 252 1498 1343 1589; baseline -0.004 -23"><span class='ocrx_word' id='word_1_85' title='bbox 252 1500 458 1589; x_wconf 85' lang='lat' dir='ltr'>Dyrrhachio</span> <span class='ocrx_word' id='word_1_86' title='bbox 490 1514 605 1566; x_wconf 87' lang='lat' dir='ltr'>octavo</span> <span class='ocrx_word' id='word_1_87' title='bbox 628 1500 679 1568; x_wconf 89' lang='lat' dir='ltr'>die</span> <span class='ocrx_word' id='word_1_88' title='bbox 700 1501 836 1568; x_wconf 86' lang='lat' dir='ltr'>Romam</span> <span class='ocrx_word' id='word_1_89' title='bbox 859 1499 1004 1566; x_wconf 89' lang='lat' dir='ltr'>attulisse</span> <span class='ocrx_word' id='word_1_90' title='bbox 1026 1502 1180 1586; x_wconf 67' lang='lat' dir='ltr'>putenti)</span> <span class='ocrx_word' id='word_1_91' title='bbox 1230 1498 1343 1584; x_wconf 86' lang='lat' dir='ltr'>Neque</span> 
     </span>
     <span class='ocr_line' id='line_1_13' title="bbox 253 1601 1343 1687; baseline -0.004 -17"><span class='ocrx_word' id='word_1_92' title='bbox 253 1607 337 1670; x_wconf 89' lang='lat' dir='ltr'>enirn</span> <span class='ocrx_word' id='word_1_93' title='bbox 369 1603 411 1671; x_wconf 89' lang='lat' dir='ltr'>ad</span> <span class='ocrx_word' id='word_1_94' title='bbox 437 1602 480 1669; x_wconf 84' lang='grc' dir='ltr'>Μ.</span> <span class='ocrx_word' id='word_1_95' title='bbox 511 1602 600 1668; x_wconf 90' lang='lat' dir='ltr'>Brut.</span> <span class='ocrx_word' id='word_1_96' title='bbox 630 1604 660 1686; x_wconf 78' lang='lat'>2,</span> <span class='ocrx_word' id='word_1_97' title='bbox 689 1606 719 1687; x_wconf 80' lang='lat'>4,</span> <span class='ocrx_word' id='word_1_98' title='bbox 752 1607 787 1671; x_wconf 83' lang='lat'>1:</span> <span class='ocrx_word' id='word_1_99' title='bbox 814 1603 929 1686; x_wconf 89' lang='lat' dir='ltr'>„Datis</span> <span class='ocrx_word' id='word_1_100' title='bbox 958 1623 1053 1667; x_wconf 85' lang='lat' dir='ltr'>mane</span> <span class='ocrx_word' id='word_1_101' title='bbox 1084 1625 1113 1670; x_wconf 81' lang='lat' dir='ltr'>a.</span> <span class='ocrx_word' id='word_1_102' title='bbox 1145 1603 1173 1666; x_wconf 90' lang='lat' dir='ltr'>d.</span> <span class='ocrx_word' id='word_1_103' title='bbox 1202 1601 1265 1667; x_wconf 92' lang='lat' dir='ltr'>VI.</span> <span class='ocrx_word' id='word_1_104' title='bbox 1295 1601 1343 1666; x_wconf 90' lang='lat' dir='ltr'>ld.</span> 
     </span>
     <span class='ocr_line' id='line_1_14' title="bbox 252 1703 1343 1795; baseline -0.001 -22"><span class='ocrx_word' id='word_1_105' title='bbox 252 1708 354 1795; x_wconf 91' lang='lat' dir='ltr'>April.</span> <span class='ocrx_word' id='word_1_106' title='bbox 378 1705 507 1792; x_wconf 88' lang='lat' dir='ltr'>Scaptio</span> <span class='ocrx_word' id='word_1_107' title='bbox 535 1706 664 1788; x_wconf 83' lang='lat' dir='ltr'>litteris,</span> <span class='ocrx_word' id='word_1_108' title='bbox 693 1708 805 1773; x_wconf 89' lang='lat' dir='ltr'>eodem</span> <span class='ocrx_word' id='word_1_109' title='bbox 836 1706 888 1772; x_wconf 89' lang='lat' dir='ltr'>die</span> <span class='ocrx_word' id='word_1_110' title='bbox 917 1716 990 1772; x_wconf 88' lang='lat' dir='ltr'>tuas</span> <span class='ocrx_word' id='word_1_111' title='bbox 1014 1707 1124 1792; x_wconf 91' lang='lat' dir='ltr'>accepi</span> <span class='ocrx_word' id='word_1_112' title='bbox 1145 1703 1219 1769; x_wconf 88' lang='lat' dir='ltr'>Kal.</span> <span class='ocrx_word' id='word_1_113' title='bbox 1241 1703 1343 1791; x_wconf 90' lang='lat' dir='ltr'>April.</span> 
     </span>
     <span class='ocr_line' id='line_1_15' title="bbox 252 1808 1344 1899; baseline -0.004 -23"><span class='ocrx_word' id='word_1_114' title='bbox 252 1809 457 1899; x_wconf 87' lang='lat' dir='ltr'>Dyrrhachio</span> <span class='ocrx_word' id='word_1_115' title='bbox 487 1808 581 1874; x_wconf 86' lang='lat' dir='ltr'>datas</span> <span class='ocrx_word' id='word_1_116' title='bbox 610 1812 753 1898; x_wconf 75' lang='lat' dir='ltr'>vesperi‘</span> <span class='ocrx_word' id='word_1_117' title='bbox 785 1810 990 1876; x_wconf 91' lang='lat' dir='ltr'>scribendum</span> <span class='ocrx_word' id='word_1_118' title='bbox 1023 1818 1089 1894; x_wconf 87' lang='lat' dir='ltr'>est,</span> <span class='ocrx_word' id='word_1_119' title='bbox 1122 1810 1195 1875; x_wconf 88' lang='lat' dir='ltr'>sed:</span> <span class='ocrx_word' id='word_1_120' title='bbox 1230 1808 1344 1890; x_wconf 88' lang='lat' dir='ltr'>„Datis</span> 
     </span>
     <span class='ocr_line' id='line_1_16' title="bbox 252 1912 1422 2001; baseline -0.003 -21"><span class='ocrx_word' id='word_1_121' title='bbox 252 1937 347 1980; x_wconf 91' lang='lat' dir='ltr'>mane</span> <span class='ocrx_word' id='word_1_122' title='bbox 370 1937 397 1980; x_wconf 88' lang='lat' dir='ltr'>a.</span> <span class='ocrx_word' id='word_1_123' title='bbox 421 1916 450 1979; x_wconf 88' lang='lat' dir='ltr'>d.</span> <span class='ocrx_word' id='word_1_124' title='bbox 472 1912 546 1978; x_wconf 94' lang='grc' dir='ltr'><strong>ΙΙΙ.</strong></span> <span class='ocrx_word' id='word_1_125' title='bbox 562 1913 609 1980; x_wconf 91' lang='lat' dir='ltr'>ld.</span> <span class='ocrx_word' id='word_1_126' title='bbox 625 1913 718 2001; x_wconf 89' lang='lat' dir='ltr'>April</span> <span class='ocrx_word' id='word_1_127' title='bbox 741 1919 829 1996; x_wconf 85' lang='lat' dir='ltr'>etc.“,</span> <span class='ocrx_word' id='word_1_128' title='bbox 851 1914 884 1979; x_wconf 93' lang='lat' dir='ltr'>id</span> <span class='ocrx_word' id='word_1_129' title='bbox 907 1913 994 2000; x_wconf 88' lang='lat' dir='ltr'>quod</span> <span class='ocrx_word' id='word_1_130' title='bbox 1017 1934 1057 1977; x_wconf 88' lang='lat' dir='ltr'>ex</span> <span class='ocrx_word' id='word_1_131' title='bbox 1079 1912 1187 1978; x_wconf 91' lang='lat' dir='ltr'>verbis</span> <span class='ocrx_word' id='word_1_132' title='bbox 1210 1934 1343 2000; x_wconf 89' lang='lat' dir='ltr'>sequen·</span> <span class='ocrx_word' id='word_1_133' title='bbox 1420 1925 1422 1929; x_wconf 83' lang='lat'>&#39;</span> 
     </span>
     <span class='ocr_line' id='line_1_17' title="bbox 251 2015 1344 2106; baseline 0.003 -26"><span class='ocrx_word' id='word_1_134' title='bbox 251 2017 339 2083; x_wconf 90' lang='lat' dir='ltr'>tibus</span> <span class='ocrx_word' id='word_1_135' title='bbox 368 2016 570 2102; x_wconf 89' lang='lat' dir='ltr'>apertissime</span> <span class='ocrx_word' id='word_1_136' title='bbox 600 2017 702 2081; x_wconf 87' lang='lat' dir='ltr'>elucet</span> <span class='ocrx_word' id='word_1_137' title='bbox 731 2015 835 2081; x_wconf 88' lang='lat' dir='ltr'>hisce:</span> <span class='ocrx_word' id='word_1_138' title='bbox 866 2016 996 2103; x_wconf 90' lang='lat' dir='ltr'>„ltaque</span> <span class='ocrx_word' id='word_1_139' title='bbox 1027 2038 1122 2082; x_wconf 88' lang='lat' dir='ltr'>mane</span> <span class='ocrx_word' id='word_1_140' title='bbox 1155 2015 1258 2106; x_wconf 91' lang='lat' dir='ltr'>prid.</span> <span class='ocrx_word' id='word_1_141' title='bbox 1288 2015 1344 2083; x_wconf 88' lang='lat' dir='ltr'>Id.</span> 
     </span>
     <span class='ocr_line' id='line_1_18' title="bbox 253 2119 1343 2208; baseline 0 -24"><span class='ocrx_word' id='word_1_142' title='bbox 253 2120 350 2205; x_wconf 89' lang='lat' dir='ltr'>Apr.</span> <span class='ocrx_word' id='word_1_143' title='bbox 381 2139 453 2183; x_wconf 92' lang='lat' dir='ltr'>cum</span> <span class='ocrx_word' id='word_1_144' title='bbox 484 2119 659 2208; x_wconf 84' lang='lat' dir='ltr'>aScaptio</span> <span class='ocrx_word' id='word_1_145' title='bbox 688 2121 804 2187; x_wconf 91' lang='lat' dir='ltr'>certior</span> <span class='ocrx_word' id='word_1_146' title='bbox 832 2119 937 2186; x_wconf 86' lang='lat' dir='ltr'>factus</span> <span class='ocrx_word' id='word_1_147' title='bbox 967 2142 1071 2187; x_wconf 90' lang='lat' dir='ltr'>essem</span> <span class='ocrx_word' id='word_1_148' title='bbox 1100 2143 1166 2185; x_wconf 91' lang='lat' dir='ltr'>non</span> <span class='ocrx_word' id='word_1_149' title='bbox 1195 2141 1266 2183; x_wconf 89' lang='lat' dir='ltr'>esse</span> <span class='ocrx_word' id='word_1_150' title='bbox 1288 2140 1343 2184; x_wconf 89' lang='lat' dir='ltr'>eos</span> 
     </span>
     <span class='ocr_line' id='line_1_19' title="bbox 252 2220 1343 2311; baseline 0.002 -27"><span class='ocrx_word' id='word_1_151' title='bbox 252 2220 431 2306; x_wconf 84' lang='lat' dir='ltr'>profectos,</span> <span class='ocrx_word' id='word_1_152' title='bbox 462 2222 577 2308; x_wconf 91' lang='lat' dir='ltr'>quibus</span> <span class='ocrx_word' id='word_1_153' title='bbox 604 2224 739 2309; x_wconf 89' lang='lat' dir='ltr'>pridie</span> <span class='ocrx_word' id='word_1_154' title='bbox 768 2223 920 2289; x_wconf 88' lang='lat' dir='ltr'>dederam</span> <span class='ocrx_word' id='word_1_155' title='bbox 942 2228 1018 2290; x_wconf 90' lang='lat' dir='ltr'>etc.“</span> <span class='ocrx_word' id='word_1_156' title='bbox 1049 2233 1145 2311; x_wconf 90' lang='lat' dir='ltr'>atque</span> <span class='ocrx_word' id='word_1_157' title='bbox 1167 2231 1241 2309; x_wconf 86' lang='lat' dir='ltr'>post</span> <span class='ocrx_word' id='word_1_158' title='bbox 1263 2220 1343 2287; x_wconf 89' lang='lat' dir='ltr'>alios</span> 
     </span>
     <span class='ocr_line' id='line_1_20' title="bbox 255 2321 840 2410; baseline 0.005 -23"><span class='ocrx_word' id='word_1_159' title='bbox 255 2321 531 2410; x_wconf 84' lang='lat' dir='ltr'>aWesenbergio</span> <span class='ocrx_word' id='word_1_160' title='bbox 554 2326 760 2392; x_wconf 86' lang='lat' dir='ltr'>emendatum</span> <span class='ocrx_word' id='word_1_161' title='bbox 783 2337 840 2393; x_wconf 88' lang='lat' dir='ltr'>est.</span> 
     </span>
    </p>

    <p class='ocr_par' dir='ltr' id='par_1_4' title="bbox 253 2428 1346 3347">
     <span class='ocr_line' id='line_1_21' title="bbox 339 2428 1343 2515; baseline 0.002 -23"><span class='ocrx_word' id='word_1_162' title='bbox 339 2428 557 2511; x_wconf 80' lang='lat' dir='ltr'>Quamobrem</span> <span class='ocrx_word' id='word_1_163' title='bbox 579 2453 644 2496; x_wconf 92' lang='lat' dir='ltr'>non</span> <span class='ocrx_word' id='word_1_164' title='bbox 666 2440 790 2513; x_wconf 88' lang='lat' dir='ltr'>octavo,</span> <span class='ocrx_word' id='word_1_165' title='bbox 813 2429 871 2495; x_wconf 89' lang='lat' dir='ltr'>sed</span> <span class='ocrx_word' id='word_1_166' title='bbox 885 2430 1054 2498; x_wconf 90' lang='lat' dir='ltr'>undecimo</span> <span class='ocrx_word' id='word_1_167' title='bbox 1070 2430 1124 2496; x_wconf 93' lang='lat' dir='ltr'>die</span> <span class='ocrx_word' id='word_1_168' title='bbox 1138 2428 1343 2515; x_wconf 89' lang='lat' dir='ltr'>Dyrrhachio</span> 
     </span>
     <span class='ocr_line' id='line_1_22' title="bbox 253 2531 1345 2621; baseline 0 -26"><span class='ocrx_word' id='word_1_169' title='bbox 253 2531 422 2620; x_wconf 86' lang='lat' dir='ltr'>epistulam</span> <span class='ocrx_word' id='word_1_170' title='bbox 441 2532 540 2598; x_wconf 66' lang='lat' dir='ltr'>&#39;illam</span> <span class='ocrx_word' id='word_1_171' title='bbox 567 2535 703 2601; x_wconf 86' lang='lat' dir='ltr'>Romam</span> <span class='ocrx_word' id='word_1_172' title='bbox 731 2534 885 2621; x_wconf 82' lang='lat' dir='ltr'>perlatam</span> <span class='ocrx_word' id='word_1_173' title='bbox 915 2556 987 2599; x_wconf 89' lang='lat' dir='ltr'>esse</span> <span class='ocrx_word' id='word_1_174' title='bbox 1015 2533 1256 2619; x_wconf 86' lang='lat' dir='ltr'>intellegemus,</span> <span class='ocrx_word' id='word_1_175' title='bbox 1289 2531 1345 2619; x_wconf 90' lang='lat' dir='ltr'>qui</span> 
     </span>
     <span class='ocr_line' id='line_1_23' title="bbox 254 2634 1344 2724; baseline 0 -24"><span class='ocrx_word' id='word_1_176' title='bbox 254 2634 323 2700; x_wconf 90' lang='lat' dir='ltr'>dies</span> <span class='ocrx_word' id='word_1_177' title='bbox 353 2635 394 2699; x_wconf 88' lang='lat' dir='ltr'>ad</span> <span class='ocrx_word' id='word_1_178' title='bbox 424 2635 475 2718; x_wconf 86' lang='lat' dir='ltr'>id,</span> <span class='ocrx_word' id='word_1_179' title='bbox 507 2637 594 2724; x_wconf 90' lang='lat' dir='ltr'>quod</span> <span class='ocrx_word' id='word_1_180' title='bbox 624 2659 723 2724; x_wconf 90' lang='lat' dir='ltr'>supra</span> <span class='ocrx_word' id='word_1_181' title='bbox 752 2637 1005 2703; x_wconf 88' lang='lat' dir='ltr'>demonstratum</span> <span class='ocrx_word' id='word_1_182' title='bbox 1034 2646 1099 2722; x_wconf 87' lang='lat' dir='ltr'>est,</span> <span class='ocrx_word' id='word_1_183' title='bbox 1133 2635 1344 2723; x_wconf 86' lang='lat' dir='ltr'>quadragena</span> 
     </span>
     <span class='ocr_line' id='line_1_24' title="bbox 253 2739 1344 2829; baseline 0.001 -26"><span class='ocrx_word' id='word_1_184' title='bbox 253 2741 522 2825; x_wconf 88' lang='lat' dir='ltr'>quinquagenave</span> <span class='ocrx_word' id='word_1_185' title='bbox 550 2764 614 2829; x_wconf 92' lang='lat' dir='ltr'>pm.</span> <span class='ocrx_word' id='word_1_186' title='bbox 638 2739 804 2806; x_wconf 83' lang='lat' dir='ltr'>Ciceronis</span> <span class='ocrx_word' id='word_1_187' title='bbox 833 2751 937 2808; x_wconf 87' lang='lat' dir='ltr'>aetate</span> <span class='ocrx_word' id='word_1_188' title='bbox 967 2742 1152 2807; x_wconf 89' lang='lat' dir='ltr'>tabellarios</span> <span class='ocrx_word' id='word_1_189' title='bbox 1174 2741 1208 2804; x_wconf 91' lang='lat' dir='ltr'>in</span> <span class='ocrx_word' id='word_1_190' title='bbox 1230 2739 1344 2806; x_wconf 89' lang='lat' dir='ltr'>itinere</span> 
     </span>
     <span class='ocr_line' id='line_1_25' title="bbox 254 2842 1344 2934; baseline 0 -27"><span class='ocrx_word' id='word_1_191' title='bbox 254 2843 398 2908; x_wconf 86' lang='lat' dir='ltr'>terrestri</span> <span class='ocrx_word' id='word_1_192' title='bbox 411 2842 529 2908; x_wconf 88' lang='lat' dir='ltr'>cotidie</span> <span class='ocrx_word' id='word_1_193' title='bbox 544 2843 700 2910; x_wconf 87' lang='lat' dir='ltr'>conficere</span> <span class='ocrx_word' id='word_1_194' title='bbox 715 2847 920 2911; x_wconf 88' lang='lat' dir='ltr'>consuevisse</span> <span class='ocrx_word' id='word_1_195' title='bbox 930 2845 1186 2934; x_wconf 86' lang='lat' dir='ltr'>praeclarissime</span> <span class='ocrx_word' id='word_1_196' title='bbox 1198 2843 1344 2931; x_wconf 86' lang='lat' dir='ltr'>quadrat.</span> 
     </span>
     <span class='ocr_line' id='line_1_26' title="bbox 254 2945 1346 3034; baseline 0.004 -25"><span class='ocrx_word' id='word_1_197' title='bbox 254 2945 372 3012; x_wconf 89' lang='lat' dir='ltr'>Itinere</span> <span class='ocrx_word' id='word_1_198' title='bbox 394 2947 479 3011; x_wconf 92' lang='lat' dir='ltr'>enim</span> <span class='ocrx_word' id='word_1_199' title='bbox 501 2947 576 3016; x_wconf 89' lang='lat' dir='ltr'>circ.</span> <span class='ocrx_word' id='word_1_200' title='bbox 598 2947 662 3014; x_wconf 80' lang='lat'>370</span> <span class='ocrx_word' id='word_1_201' title='bbox 683 2969 761 3034; x_wconf 84' lang='lat' dir='ltr'>pm,</span> <span class='ocrx_word' id='word_1_202' title='bbox 792 2949 877 3034; x_wconf 91' lang='lat' dir='ltr'>quod</span> <span class='ocrx_word' id='word_1_203' title='bbox 903 2959 952 3014; x_wconf 90' lang='lat' dir='ltr'>est</span> <span class='ocrx_word' id='word_1_204' title='bbox 972 2949 1075 3016; x_wconf 89' lang='lat' dir='ltr'>Roma</span> <span class='ocrx_word' id='word_1_205' title='bbox 1097 2948 1346 3033; x_wconf 79' lang='lat' dir='ltr'>Brundisium‚⁴)</span> 
     </span>
     <span class='ocr_line' id='line_1_27' title="bbox 258 3049 1344 3139; baseline 0.002 -26"><span class='ocrx_word' id='word_1_206' title='bbox 258 3057 372 3116; x_wconf 86' lang='lat' dir='ltr'>octavo</span> <span class='ocrx_word' id='word_1_207' title='bbox 404 3049 456 3115; x_wconf 91' lang='lat' dir='ltr'>vel</span> <span class='ocrx_word' id='word_1_208' title='bbox 477 3072 563 3116; x_wconf 91' lang='lat' dir='ltr'>nono</span> <span class='ocrx_word' id='word_1_209' title='bbox 596 3049 647 3116; x_wconf 90' lang='lat' dir='ltr'>die</span> <span class='ocrx_word' id='word_1_210' title='bbox 669 3072 820 3137; x_wconf 87' lang='lat' dir='ltr'>percurso</span> <span class='ocrx_word' id='word_1_211' title='bbox 844 3051 967 3118; x_wconf 89' lang='lat' dir='ltr'>decimo</span> <span class='ocrx_word' id='word_1_212' title='bbox 990 3051 1041 3117; x_wconf 92' lang='lat' dir='ltr'>vel</span> <span class='ocrx_word' id='word_1_213' title='bbox 1063 3051 1231 3118; x_wconf 87' lang='lat' dir='ltr'>undecimo</span> <span class='ocrx_word' id='word_1_214' title='bbox 1258 3051 1344 3139; x_wconf 93' lang='lat' dir='ltr'>Dyr-</span> 
     </span>
     <span class='ocr_line' id='line_1_28' title="bbox 256 3151 1346 3242; baseline 0.003 -26"><span class='ocrx_word' id='word_1_215' title='bbox 256 3151 422 3216; x_wconf 88' lang='lat' dir='ltr'>rhachium</span> <span class='ocrx_word' id='word_1_216' title='bbox 451 3154 691 3240; x_wconf 88' lang='lat' dir='ltr'>perveniebant.</span> <span class='ocrx_word' id='word_1_217' title='bbox 744 3155 819 3238; x_wconf 80' lang='lat' dir='ltr'>Qua</span> <span class='ocrx_word' id='word_1_218' title='bbox 850 3178 922 3222; x_wconf 87' lang='lat' dir='ltr'>curn</span> <span class='ocrx_word' id='word_1_219' title='bbox 951 3156 1195 3222; x_wconf 87' lang='lat' dir='ltr'>ratiocinatione</span> <span class='ocrx_word' id='word_1_220' title='bbox 1228 3156 1346 3242; x_wconf 91' lang='lat' dir='ltr'>optime</span> 
     </span>
     <span class='ocr_line' id='line_1_29' title="bbox 258 3256 1346 3347; baseline 0.003 -27"><span class='ocrx_word' id='word_1_221' title='bbox 258 3256 415 3340; x_wconf 86' lang='lat' dir='ltr'>congruit,</span> <span class='ocrx_word' id='word_1_222' title='bbox 437 3258 524 3343; x_wconf 93' lang='lat' dir='ltr'>quod</span> <span class='ocrx_word' id='word_1_223' title='bbox 545 3259 589 3323; x_wconf 88' lang='grc' dir='ltr'>Μ.</span> <span class='ocrx_word' id='word_1_224' title='bbox 611 3258 732 3323; x_wconf 91' lang='lat' dir='ltr'>Brutus</span> <span class='ocrx_word' id='word_1_225' title='bbox 753 3259 826 3326; x_wconf 91' lang='lat' dir='ltr'>Kal.</span> <span class='ocrx_word' id='word_1_226' title='bbox 842 3259 973 3347; x_wconf 62' lang='lat' dir='ltr'>Aprili)</span> <span class='ocrx_word' id='word_1_227' title='bbox 997 3260 1108 3325; x_wconf 88' lang='lat' dir='ltr'>scribit</span> <span class='ocrx_word' id='word_1_228' title='bbox 1130 3281 1164 3324; x_wconf 89' lang='lat' dir='ltr'>se</span> <span class='ocrx_word' id='word_1_229' title='bbox 1180 3257 1346 3324; x_wconf 80' lang='lat' dir='ltr'>Ciceronis</span> 
     </span>
    </p>
   </div>
   <div class='ocr_carea' id='block_1_4' title="bbox 256 3357 1347 3553">
    <p class='ocr_par' dir='ltr' id='par_1_5' title="bbox 256 3357 1347 3553">
     <span class='ocr_line' id='line_1_30' title="bbox 256 3357 1347 3450; baseline 0.003 -27"><span class='ocrx_word' id='word_1_230' title='bbox 256 3357 381 3424; x_wconf 88' lang='lat' dir='ltr'>litteras</span> <span class='ocrx_word' id='word_1_231' title='bbox 411 3370 486 3448; x_wconf 89' lang='lat' dir='ltr'>post</span> <span class='ocrx_word' id='word_1_232' title='bbox 512 3363 641 3428; x_wconf 89' lang='lat' dir='ltr'>nuntios</span> <span class='ocrx_word' id='word_1_233' title='bbox 670 3362 710 3426; x_wconf 91' lang='lat' dir='ltr'>de</span> <span class='ocrx_word' id='word_1_234' title='bbox 733 3361 769 3428; x_wconf 91' lang='lat' dir='ltr'>C.</span> <span class='ocrx_word' id='word_1_235' title='bbox 793 3364 934 3429; x_wconf 89' lang='lat' dir='ltr'>Antonio</span> <span class='ocrx_word' id='word_1_236' title='bbox 965 3371 1059 3450; x_wconf 88' lang='lat' dir='ltr'>capto</span> <span class='ocrx_word' id='word_1_237' title='bbox 1090 3364 1226 3449; x_wconf 87' lang='lat' dir='ltr'>scriptas</span> <span class='ocrx_word' id='word_1_238' title='bbox 1252 3360 1347 3427; x_wconf 87' lang='lat' dir='ltr'>valde</span> 
     </span>
     <span class='ocr_line' id='line_1_31' title="bbox 257 3464 1346 3553; baseline 0.003 -25"><span class='ocrx_word' id='word_1_239' title='bbox 257 3473 453 3550; x_wconf 87' lang='lat' dir='ltr'>exspectare.</span> <span class='ocrx_word' id='word_1_240' title='bbox 506 3464 645 3530; x_wconf 89' lang='lat' dir='ltr'>Nuntios</span> <span class='ocrx_word' id='word_1_241' title='bbox 676 3466 761 3531; x_wconf 88' lang='lat' dir='ltr'>enim</span> <span class='ocrx_word' id='word_1_242' title='bbox 783 3465 837 3532; x_wconf 90' lang='lat' dir='ltr'>ille</span> <span class='ocrx_word' id='word_1_243' title='bbox 860 3464 900 3530; x_wconf 92' lang='lat' dir='ltr'>de</span> <span class='ocrx_word' id='word_1_244' title='bbox 923 3464 958 3535; x_wconf 88' lang='lat' dir='ltr'>C.</span> <span class='ocrx_word' id='word_1_245' title='bbox 981 3467 1123 3533; x_wconf 86' lang='lat' dir='ltr'>Antonio</span> <span class='ocrx_word' id='word_1_246' title='bbox 1146 3473 1242 3553; x_wconf 86' lang='lat' dir='ltr'>capto</span> <span class='ocrx_word' id='word_1_247' title='bbox 1264 3487 1293 3532; x_wconf 87' lang='lat' dir='ltr'>a.</span> <span class='ocrx_word' id='word_1_248' title='bbox 1316 3465 1346 3531; x_wconf 87' lang='lat' dir='ltr'>d.</span> 
     </span>
    </p>
   </div>
   <div class='ocr_carea' id='block_1_5' title="bbox 257 3657 466 3669">
    <p class='ocr_par' dir='ltr' id='par_1_6' title="bbox 257 3657 466 3669">
     <span class='ocr_line' id='line_1_32' title="bbox 257 3657 466 3669; baseline -0.01 -1"><span class='ocrx_word' id='word_1_249' title='bbox 257 3657 466 3669; x_wconf 77' lang='grc'>.-..----</span> 
     </span>
    </p>
   </div>
   <div class='ocr_carea' id='block_1_6' title="bbox 255 3770 1348 4367">
    <p class='ocr_par' dir='ltr' id='par_1_7' title="bbox 332 3770 661 3843">
     <span class='ocr_line' id='line_1_33' title="bbox 332 3770 661 3843; baseline 0.003 -17"><span class='ocrx_word' id='word_1_250' title='bbox 332 3772 358 3843; x_wconf 91' lang='grc'>1)</span> <span class='ocrx_word' id='word_1_251' title='bbox 378 3771 448 3839; x_wconf 79' lang='lat' dir='ltr'>„Qu</span> <span class='ocrx_word' id='word_1_252' title='bbox 467 3770 559 3825; x_wconf 61' lang='lat' dir='ltr'>&#39;fulls‘</span> <span class='ocrx_word' id='word_1_253' title='bbox 575 3789 601 3843; x_wconf 86' lang='lat' dir='ltr'>p.</span> <span class='ocrx_word' id='word_1_254' title='bbox 619 3773 661 3827; x_wconf 78' lang='lat'>22.</span> 
     </span>
    </p>

    <p class='ocr_par' dir='ltr' id='par_1_8' title="bbox 329 3857 511 3930">
     <span class='ocr_line' id='line_1_34' title="bbox 329 3857 511 3930; baseline -0.027 -14"><span class='ocrx_word' id='word_1_255' title='bbox 329 3859 358 3930; x_wconf 77' lang='grc'>2)</span> <span class='ocrx_word' id='word_1_256' title='bbox 375 3857 411 3912; x_wconf 91' lang='lat'>11.</span> <span class='ocrx_word' id='word_1_257' title='bbox 430 3877 456 3930; x_wconf 89' lang='lat' dir='ltr'>p.</span> <span class='ocrx_word' id='word_1_258' title='bbox 471 3859 511 3912; x_wconf 88' lang='grc'>18.</span> 
     </span>
    </p>

    <p class='ocr_par' dir='ltr' id='par_1_9' title="bbox 255 3944 1348 4192">
     <span class='ocr_line' id='line_1_35' title="bbox 325 3944 1346 4016; baseline 0 -14"><span class='ocrx_word' id='word_1_259' title='bbox 325 3947 353 4016; x_wconf 84' lang='grc'>3)</span> <span class='ocrx_word' id='word_1_260' title='bbox 371 3945 413 4000; x_wconf 87' lang='lat' dir='ltr'>Ex</span> <span class='ocrx_word' id='word_1_261' title='bbox 431 3944 542 3999; x_wconf 88' lang='lat' dir='ltr'>Bardtii</span> <span class='ocrx_word' id='word_1_262' title='bbox 569 3947 707 4002; x_wconf 77' lang='lat' dir='ltr'>certamin</span> <span class='ocrx_word' id='word_1_263' title='bbox 731 3947 833 4002; x_wconf 87' lang='lat' dir='ltr'>rectius</span> <span class='ocrx_word' id='word_1_264' title='bbox 857 3952 920 4003; x_wconf 84' lang='lat' dir='ltr'>erat</span> <span class='ocrx_word' id='word_1_265' title='bbox 945 3946 1038 4002; x_wconf 89' lang='lat' dir='ltr'>dicere</span> <span class='ocrx_word' id='word_1_266' title='bbox 1057 3947 1346 4004; x_wconf 83' lang='lat' dir='ltr'>Pseudo-Ciceronem</span> 
     </span>
     <span class='ocr_line' id='line_1_36' title="bbox 255 4032 1348 4106; baseline 0.001 -18"><span class='ocrx_word' id='word_1_267' title='bbox 255 4033 310 4089; x_wconf 88' lang='lat' dir='ltr'>sibi</span> <span class='ocrx_word' id='word_1_268' title='bbox 337 4032 451 4088; x_wconf 88' lang='lat' dir='ltr'>linxisse</span> <span class='ocrx_word' id='word_1_269' title='bbox 481 4032 631 4103; x_wconf 80' lang='lat' dir='ltr'>epistulam</span> <span class='ocrx_word' id='word_1_270' title='bbox 663 4033 843 4105; x_wconf 89' lang='lat' dir='ltr'>Dyrrhachio</span> <span class='ocrx_word' id='word_1_271' title='bbox 871 4041 972 4092; x_wconf 82' lang='lat' dir='ltr'>octavo</span> <span class='ocrx_word' id='word_1_272' title='bbox 1005 4036 1049 4091; x_wconf 90' lang='lat' dir='ltr'>die</span> <span class='ocrx_word' id='word_1_273' title='bbox 1078 4037 1196 4092; x_wconf 86' lang='lat' dir='ltr'>Romam</span> <span class='ocrx_word' id='word_1_274' title='bbox 1228 4035 1348 4106; x_wconf 86' lang='lat' dir='ltr'>perferri</span> 
     </span>
     <span class='ocr_line' id='line_1_37' title="bbox 255 4121 389 4192; baseline 0.022 -16"><span class='ocrx_word' id='word_1_275' title='bbox 255 4121 389 4192; x_wconf 84' lang='lat' dir='ltr'>potuisse.</span> 
     </span>
    </p>

    <p class='ocr_par' dir='ltr' id='par_1_10' title="bbox 327 4205 543 4277">
     <span class='ocr_line' id='line_1_38' title="bbox 327 4205 543 4277; baseline -0.009 -15"><span class='ocrx_word' id='word_1_276' title='bbox 327 4205 543 4277; x_wconf 59' lang='lat' dir='ltr'>Dmpdt</span> 
     </span>
    </p>

    <p class='ocr_par' dir='ltr' id='par_1_11' title="bbox 327 4293 928 4367">
     <span class='ocr_line' id='line_1_39' title="bbox 327 4293 928 4367; baseline -0.002 -16"><span class='ocrx_word' id='word_1_277' title='bbox 327 4295 354 4367; x_wconf 79' lang='lat'>5)</span> <span class='ocrx_word' id='word_1_278' title='bbox 374 4293 410 4350; x_wconf 88' lang='lat' dir='ltr'>cf.</span> <span class='ocrx_word' id='word_1_279' title='bbox 429 4293 468 4350; x_wconf 87' lang='lat' dir='ltr'>ad</span> <span class='ocrx_word' id='word_1_280' title='bbox 487 4293 526 4348; x_wconf 89' lang='lat' dir='ltr'>M.</span> <span class='ocrx_word' id='word_1_281' title='bbox 547 4293 625 4350; x_wconf 85' lang='lat' dir='ltr'>Brut</span> <span class='ocrx_word' id='word_1_282' title='bbox 644 4295 670 4362; x_wconf 79' lang='lat'>2,</span> <span class='ocrx_word' id='word_1_283' title='bbox 688 4295 705 4349; x_wconf 90' lang='lat'><strong>3</strong></span> <span class='ocrx_word' id='word_1_284' title='bbox 724 4293 928 4366; x_wconf 79' lang='lat' dir='ltr'>(Wesenberg).</span> 
     </span>
    </p>
   </div>
   <div class='ocr_carea' id='block_1_7' title="bbox 0 0 1577 4762">
    <p class='ocr_par' dir='ltr' id='par_1_12' title="bbox 0 0 1577 4762">
     <span class='ocr_line' id='line_1_40' title="bbox 0 0 1577 4762; baseline 0 0"><span class='ocrx_word' id='word_1_285' title='bbox 0 0 1577 4762; x_wconf 95' lang='lat' dir='ltr'> </span> 
     </span>
    </p>
   </div>
  </div>
 </body>
</html>
