3140 4762
712 262 901 327 „2-

258 426 363 494 adhuc
394 439 475 516 eget.
527 429 761 514 Quamobrem,
790 454 863 496 cum
892 431 1005 497 studiis
1027 433 1107 498 meis
1129 433 1172 498 ad
1194 433 1347 521 epistulas

257 541 333 618 post
347 531 521 598 Caesarem
544 536 684 599 occisum
699 556 772 599 curu
788 534 824 600 C.
842 533 955 600 Cassio
970 534 1119 622 Longino
1135 546 1347 603 commutatas

236 637 438 702 ,accuratius
460 636 677 724 inspiciendas
700 637 885 720 adducerer,
906 638 946 704 de
965 661 1075 704 earum
1091 649 1234 730 tempore
1249 650 1346 728 atque

257 741 339 805 serie
354 739 510 828 quidquid
523 741 718 806 invenissem
733 741 794 807 hoc
809 741 915 808 libello
927 763 1117 828 componere
1128 745 1193 809 non
1207 744 1346 811 alienum
1374 825 1376 829 Ι

258 864 329 907 esse
350 844 472 929 putavi.
497 883 536 895 -

339 944 390 1010 Ac
426 969 499 1011 mea
536 946 663 1034 quidem
697 949 922 1014 commentatio
953 948 1080 1014 duabus
1110 951 1345 1037 quodammodo

254 1046 380 1133 legibus
408 1073 473 1115 non
502 1051 612 1131 novis,
642 1050 699 1116 sed
729 1051 772 1116 ad
793 1052 1028 1117 controversias
1051 1053 1207 1139 quasdam
1231 1053 1344 1119 diiudi-

255 1151 377 1217 candas
398 1175 463 1218 non
482 1154 570 1236 satis,
593 1162 629 1217 ut
643 1156 768 1241 opinor,
790 1154 942 1220 adhibitis
957 1155 1078 1238 nititur,
1093 1177 1229 1242 quarum
1246 1155 1346 1222 altera

219 1343 221 1348 Ι
255 1263 313 1335 est,
336 1264 373 1319 ut
394 1277 534 1342 quonam
556 1260 710 1345 temporis
733 1260 837 1344 spatio
860 1258 1090 1324 Ciceronianae
1114 1260 1227 1324 aetatis
1244 1258 1344 1324 tabel-

255 1355 328 1421 larii
358 1368 390 1423 et
418 1360 572 1445 epistulas
600 1369 632 1425 et
654 1361 734 1426 alios
756 1364 884 1427 nuntios
907 1362 939 1426 in
964 1363 1090 1448 singula
1112 1362 1182 1427 loca
1203 1362 1345 1447 perferre

256 1460 338 1525 soliti
361 1464 439 1543 sint,
462 1486 559 1551 quam
586 1465 826 1531 accuratissime
848 1486 966 1548 curem,
990 1465 1099 1547 altera,
1122 1463 1166 1546 u't,
1189 1463 1347 1551 quidquid

255 1585 295 1627 ex
318 1564 463 1652 epistulis
485 1567 569 1632 inter
591 1567 779 1635 Ciceronem
803 1577 835 1632 et
856 1568 901 1634 M.
924 1569 1060 1632 Brutum
1084 1569 1295 1649 commutatis,
1326 1591 1346 1634 a

252 1667 360 1733 multis
392 1669 471 1734 viris
502 1669 603 1737 doctis
633 1671 727 1758 plane
756 1670 929 1756 neglectis,
960 1671 1078 1738 lucrari
1103 1673 1280 1758 possimus,
1310 1672 1345 1735 in

252 1793 346 1835 usum
369 1782 513 1838 nostrum
538 1786 731 1841 convertam.
775 1776 887 1862 Neque
909 1778 994 1840 enirn
1013 1774 1054 1839 ab
1069 1796 1180 1839 eorum
1195 1773 1341 1862 partibus

252 1885 318 1959 sto,
348 1877 403 1963 qui
429 1875 487 1942 bas
517 1877 670 1964 epistulas
699 1889 865 1966 tamquam
890 1877 1069 1943 subditivas
1093 1900 1113 1940 a
1134 1875 1296 1957 fontibus,
1326 1898 1343 1940 e

252 1980 368 2065 quibus
397 2002 505 2044 rerum
526 1979 745 2047 Romanarum
776 1983 911 2048 scientia
939 1980 1032 2046 nobis
1055 1981 1179 2061 inanet,
1213 1987 1341 2045 omnino
1418 2007 1425 2015 ·

251 2091 391 2149 remotas
413 2083 534 2167 volunt,
562 2084 619 2150 sed
635 2085 711 2151 ‘illos
734 2086 914 2173 sequendos
937 2094 1024 2173 puto,
1047 2085 1100 2170 qui
1125 2081 1161 2148 C.
1183 2083 1238 2151 Fr.
1261 2081 1342 2147 Her·

251 2209 369 2254 manno
382 2190 408 2276 ¹)
435 2187 566 2254 auctor'e
596 2211 651 2254 eas
675 2201 732 2255 aut
753 2193 920 2254 universas
943 2198 1000 2253 aut
1022 2189 1165 2252 maxima
1187 2209 1228 2250 ex
1250 2195 1342 2273 parte

252 2292 409 2376 genuinas
439 2291 635 2377 maximique
665 2293 708 2357 ad
729 2295 776 2358 rei
798 2291 946 2379 publicae
968 2287 1133 2358 Romanae
1155 2289 1343 2353 intereuntis

253 2392 420 2460 historiam
449 2393 705 2481 perspiciendam
734 2396 888 2461 momenti
916 2418 986 2461 esse
1017 2393 1176 2482 sagaciter
1203 2389 1341 2477 p'robare

253 2495 452 2564 studuerunt.
498 2495 726 2580 Quamobrem,
747 2500 874 2564 etiarnsi
896 2499 1147 2576 controversiam
1170 2495 1209 2560 de
1224 2495 1341 2582 epistu-

250 2600 354 2666 larum
389 2601 432 2665 atl
461 2599 503 2665 M.
535 2601 672 2666 Brutum
708 2603 891 2686 integritate
930 2603 985 2667 diu
1013 2603 1169 2686 agitatam
1201 2599 1343 2665 nondum

249 2703 345 2789 plane
361 2703 568 2770 diiudicatam
586 2716 704 2792 putem,
719 2715 828 2771 tamen
839 2706 900 2772 hoc
914 2707 992 2770 mihi
1005 2727 1139 2785 sumam,
1155 2713 1190 2769 ut
1203 2701 1343 2782 secundi,

251 2809 306 2896 qui
335 2803 432 2894 vulgo
461 2809 661 2893 inscribitur,
694 2808 769 2875 libri
799 2809 952 2897 epistulas
983 2818 1014 2874 et
1042 2809 1136 2895 primi
1166 2806 1239 2872 libri
1274 2827 1340 2887 eas,

250 2935 333 3000 quae
354 2912 398 2977 ad
418 2934 523 2977 meam
546 2914 845 2978 commentationem
868 2912 988 2999 aliquid
1012 2910 1129 2995 valent,
1152 2911 1258 2977 causis
1273 2931 1337 2974 non

250 3016 385 3098 adlatis,
414 3039 454 3082 ex
476 3015 537 3082 hoc
558 3016 643 3082 illius
666 3013 862 3103 quaestionis
886 3017 1157 3102 statu'tamquam
1179 3015 1335 3099 genuinas

247 3115 478 3208 pertractem.²)
537 3120 589 3185 De
626 3118 770 3207 epistulis
806 3120 905 3206 igitur
938 3120 979 3185 ad
1012 3119 1056 3184 M.
1089 3118 1224 3183 Brutum
1256 3114 1336 3180 nihil

319 3412 346 3482 1)
364 3409 512 3468 Vindicius
535 3410 682 3466 latinitatis
700 3410 884 3484 epistularum
902 3411 958 3467 Cic.
977 3410 1014 3465 ad
1033 3411 1128 3465 Brut.“
1172 3409 1250 3465 (tota
1268 3408 1338 3482 1844

248 3496 319 3567 „Zur
343 3496 581 3570 Rechticrtigung
604 3498 654 3553 der
671 3498 765 3554 Briefa
790 3498 838 3554 des
858 3499 957 3555 Cicero
982 3514 1018 3552 an
1036 3498 1157 3552 Brutus“
1199 3494 1341 3550 Abbandl.

248 3585 298 3639 dor
311 3584 439 3658 Giitting.
452 3584 516 3640 (ies.
535 3585 561 3638 d.
573 3584 617 3639 W.
631 3584 666 3652 11,
679 3583 730 3651 ΙΙΙ,
749 3585 894 3642 rest-47.
932 3585 1146 3656 „vindiciarum
1161 3583 1343 3638 Brutinarum

248 3671 434 3743 epimetrum‘·
471 3671 549 3728 Gott.
570 3674 648 3730 1846.
1115 3665 1116 3670 ¹

315 3761 343 3828 2)
361 3759 476 3817 Praeter
498 3761 645 3816 consilium
670 3777 761 3834 paene
786 3759 872 3826 illud,
902 3761 991 3831 quod,
1020 3777 1084 3816 cum
1115 3758 1236 3832 primam
1268 3756 1342 3811 hanc

247 3847 560 3903 commentatiunculam
580 3847 757 3903 conscribere
775 3847 944 3918 coepissem,
968 3854 1116 3903 secuturus
1138 3862 1222 3912 cram,
1247 3861 1344 3901 omnes

246 3935 390 3989 Ciceronis
408 3935 444 3988 ad
463 3934 499 3992 M.
513 3934 628 3989 Brutum
648 3934 784 4006 epistulas
802 3935 966 4006 superstites
985 3935 1114 3990 extremis
1134 3933 1259 4004 quinque
1278 3932 1342 3986 libri

244 4020 328 4093 primi
346 4023 469 4094 exceptis
487 4054 520 4062 -
540 4039 659 4092 quarum
679 4023 762 4089 duas,
788 4039 832 4095 ep.
853 4023 885 4075 16
902 4025 931 4076 et
950 4024 982 4078 li
1001 4039 1064 4079 cum
1083 4019 1259 4092 Nipperdeio
1279 4037 1343 4090 spu-

244 4109 301 4162 rias
330 4125 391 4163 esse
414 4107 552 4164 contendo
573 4139 608 4150 -—
631 4109 673 4163 ita
696 4107 726 4163 in
742 4109 819 4164 hunc
837 4108 962 4164 libellum
982 4109 1065 4180 quasi
1082 4107 1205 4173 intexui,
1235 4112 1267 4162 ut
1285 4122 1344 4170 eas,

244 4196 339 4268 quoad
347 4194 410 4251 fieri
419 4201 523 4268 posset,
540 4196 578 4251 ad
589 4195 723 4268 temporis
736 4196 873 4250 rationem
887 4198 1074 4268 disponerem.
1104 4193 1194 4260 Quod
1209 4193 1342 4264 quoniam

243 4290 393 4358 propterea
419 4283 523 4338 iactum
552 4289 607 4354 est,
632 4283 699 4353 quia
727 4283 864 4355 epistulae
894 4283 959 4339 illae
982 4288 1012 4338 et
1036 4283 1074 4337 ad
1093 4281 1182 4338 Cassii
1205 4281 1341 4353 epistulas
