3140 4762
584 264 868 351 ‘·...7·.

231 479 281 546 ep.
302 457 346 525 ad
367 457 438 528 att
466 458 513 536 14,
536 459 556 522 9
580 479 616 522 re
636 479 723 539 vera,
745 466 781 521 ut
803 455 944 522 editores
955 459 980 543 ¹)
1002 467 1127 542 putant,
1151 481 1177 524 a.
1202 457 1322 528 dXV.

230 561 304 628 Kal.
327 561 434 626 Maias
457 560 535 627 data
558 569 649 642 esset,
671 561 796 626 litterae
817 560 891 626 illae
912 559 1065 627 vicesimo
1087 563 1191 649 primo
1214 562 1266 628 die
1281 584 1322 628 ex

229 664 337 732 Gallia
361 663 600 751 septentrionali
623 663 748 728 delatae
769 684 834 729 non
857 673 931 750 post
952 687 980 730 a.
1003 664 1033 732 d
1056 663 1113 732 Vl.
1129 665 1204 732 Kal.
1220 665 1321 752 April.

230 769 367 854 scriptae
399 790 470 834 esse
497 776 636 854 possent.
664 766 838 832 Restarent
865 767 983 852 igitur,
1015 788 1087 833 cum
1118 768 1243 833 Caesar
1272 769 1320 834 ld.

232 871 324 936 Mart
346 872 471 936 occisus
495 872 551 953 sit,
580 869 750 948 duodecim
772 870 1101 954 tantummododies,
1133 873 1218 939 iutra
1240 893 1321 958 quos

227 997 292 1040 non
325 974 431 1041 modo
452 982 557 1040 certus
587 973 628 1037 de
657 981 759 1037 morte
783 971 933 1040 Caesaris
963 975 1094 1040 nuntius
1123 975 1158 1040 in
1181 974 1321 1041 Galliam

230 1079 510 1165 septentrionalem
533 1085 567 1142 et
588 1077 621 1140 in
638 1073 847 1141 Germaniam
869 1077 1049 1160 finitimam,
1071 1099 1154 1166 quae
1171 1079 1320 1163 regiones

232 1181 422 1247 brevissima
444 1182 498 1246 via
520 1180 583 1246 800
605 1176 657 1242 vel
680 1179 743 1244 900
763 1201 827 1265 pm.
851 1179 892 1246 ab
916 1180 996 1246 urbe
1018 1181 1185 1268 distenta)
1207 1203 1318 1268 perve·
1413 1269 1415 1274 Ι

229 1285 345 1366 nisset,
378 1284 433 1348 sed
467 1283 565 1349 etiam
600 1281 835 1372 Germanorum
870 1284 968 1370 legati
1001 1285 1162 1350 mandata·
1188 1285 1320 1352 Aurelio

229 1387 446 1468 nuntiassent,
477 1387 512 1451 id
542 1384 653 1472 quod,
682 1394 852 1473 cumpost
875 1385 1180 1454 Caesaris-mortem
1203 1389 1320 1454 inillis

228 1490 411 1576 regionibus
442 1501 639 1580 compertam
669 1500 754 1556 certe
776 1490 956 1577 complures
978 1492 1220 1578 praeteriissent
1242 1492 1319 1576 dies,

227 1595 414 1682 priusquam
437 1593 669 1664 Germanorum
699 1593 958 1683 reliquarumque
980 1595 1149 1661 nationum
1170 1597 1319 1661 finitimass

227 1720 300 1762 rum
323 1698 421 1783 legati
443 1700 611 1766 Aurelium
634 1700 850 1778 convenirent,
872 1699 942 1764 fieri
964 1699 1021 1763 vix
1041 1700 1154 1786 potuit.
1291 1705 1296 1716 '

312 1802 530 1884 Quamobrem
565 1805 712 1892 equidem
748 1826 813 1868 non
853 1823 926 1868 cum
955 1801 1128 1887 Bardtio³)
1165 1801 1335 1874 traditum„

125 1989 128 1997 ,
226 1905 352 1970 illarum
374 1907 584 1992 epistularum
606 1908 753 1975 ordinem
775 1905 989 1988 defenderim,
1017 1904 1074 1969 sed
1096 1902 1181 1969 hanc
1202 1926 1318 1991 propo-

228 2009 347 2074 suerim
376 2009 551 2092 medelam,
580 2022 616 2075 ut
640 2031 763 2089 ,nonam
787 2007 957 2096 epistulam
979 2008 1063 2072 iuter
1084 2009 1211 2072 tertiam
1235 2009 1318 2074 deci-

226 2135 312 2177 mam
335 2121 369 2177 et
389 2123 538 2199 quartam
561 2113 718 2179 decimam
733 2114 921 2178 inseramus.
965 2111 1077 2175 Tertia
1093 2109 1219 2176 decima
1233 2113 1319 2177 enim

229 2237 288 2302 ep,
310 2235 382 2280 cum
404 2216 506 2281 Attici
528 2217 659 2299 litteris,
682 2216 798 2304 quibus
825 2223 954 2302 optatus
976 2214 1016 2280 D.
1039 2213 1132 2278 Bruti
1154 2212 1188 2278 in
1211 2211 1318 2281 Gallia

229 2317 385 2406 cisalpina
399 2321 558 2386 adventus
573 2320 722 2387 Ciceroni
736 2319 904 2384 nuntiatus
920 2318 1007 2404 est,4)
1023 2317 1079 2383 diu
1094 2318 1319 2404 exspectatis⁵)

226 2422 433 2510 respondeat,
454 2425 574 2490 'eodem
596 2425 664 2506 die,
697 2445 759 2511 quo
782 2422 884 2487 Attici
912 2422 1039 2486 litterae
1068 2419 1143 2487 illae
1171 2422 1318 2489 redditae

227 2535 318 2602 sunt,
347 2527 366 2591 i.
396 2549 422 2592 e.
452 2549 482 2596 a.
515 2529 544 2593 d.
571 2527 657 2593 Vll.
687 2526 760 2592 Kal.
791 2523 899 2612 Maii)
928 2526 1048 2613 scripta
1080 2547 1152 2591 esse
1179 2525 1316 2592 videtur.

226 2629 339 2717 ltaque
357 2629 521 2696 Ciceronis
542 2631 644 2700 verba
666 2630 709 2696 ad
732 2631 798 2694 Att.
816 2629 864 2708 14,
883 2629 1079 2709 14,1haec:
1102 2629 1192 2714 „Ego
1209 2639 1316 2695 autem

226 2753 306 2798 casu
329 2753 402 2798 cum
425 2734 584 2800 dedissem
608 2734 649 2799 ad
664 2742 697 2798 te
712 2732 836 2797 litteras
851 2730 914 2796 VI.
931 2731 1036 2797 Kal.“
1051 2753 1116 2798 non
1131 2732 1173 2796 ad
1188 2734 1317 2798 tertiam

226 2837 395 2922 decimam,
417 2849 453 2903 ut
474 2838 627 2905 Bardtiur
648 2835 728 2918 vult,
758 2835 815 2900 sed
838 2834 879 2900 ad
902 2857 1017 2900 nonam
1042 2835 1220 2923 epistulam·
1234 2836 1315 2901 refe·

227 2941 329 3007 renda
351 2965 422 3008 esse
443 2942 593 3025 arbitror,
616 2963 680 3028 qua
702 2939 841 3027 epistula
863 2959 921 3004 suo
944 2938 1013 3003 loco
1035 2939 1158 3004 inserta
1181 2940 1315 3008 difficul-

225 3051 307 3110 tates
329 3067 427 3135 supra
449 3046 629 3132 explicatae
650 3041 812 3111 tolluntur.
834 3083 877 3094 —

312 3149 376 3213 Sed
411 3152 476 3214 iam
515 3150 556 3215 ad
587 3148 720 3214 alteram
749 3148 865 3234 capitis
895 3146 1064 3232 praemissi
1093 3147 1314 3233 quaestionem

225 3256 443 3329 transeamus,
480 3276 545 3341 qua
580 3253 808 3335 investigetur,
846 3271 986 3339 quonam
1021 3253 1176 3336 temporis
1210 3251 1315 3339 spatio

297 3508 324 3572 1)
343 3507 403 3563 Hac
431 3525 500 3566 voce
518 3511 668 3567 brevitatis
686 3526 773 3566 causa
791 3525 849 3574 eos,
870 3508 918 3578 qui
938 3507 1083 3564 Ciceronis
1102 3506 1240 3580 epistulas
1258 3507 1315 3562 edi-

224 3592 335 3659 derunt,
354 3594 519 3666 significavi.

291 3682 319 3746 2)
337 3680 428 3737 Roma
446 3684 647 3740 Mediolanium
673 3685 728 3740 iter
744 3685 797 3742 416
819 3683 865 3738 rel
890 3684 942 3742 438
960 3699 1015 3754 pm.
1034 3682 1083 3752 (ci.
1101 3699 1128 3752 p.
1148 3683 1174 3747 s,
1192 3683 1234 3753 5),
1256 3681 1314 3736 Me-

222 3766 347 3825 diolanio
366 3769 531 3833 brevissima
548 3771 596 3826 via
612 3789 664 3845 per
682 3771 770 3842 Alpes
788 3771 929 3826 Penninas
937 3770 1159 3842 Argentoratum
1176 3769 1229 3826 350
1247 3785 1313 3840 pm..

221 3853 432 3927 Mogontiacum
450 3859 502 3916 419
520 3865 577 3931 pm.
595 3863 637 3914 est
656 3859 692 3914 ci.
712 3858 746 3912 lt
764 3859 832 3913 Ant.
850 3875 878 3930 p.
900 3857 1046 3915 lsi-169.
1078 3913 1080 3919 ,

288 3943 318 4013 3)
336 3944 408 4010 „Qu
428 3945 524 4002 Tull.“
542 3964 570 4017 p.
590 3948 631 4003 16.
1210 3985 1213 3991 -

260 4037 264 4048 ’
289 4031 319 4099 4)
336 4030 373 4088 cf.
398 4031 437 4088 ad
454 4036 512 4088 Ait
540 4035 587 4098 14,
610 4034 652 4102 is,
679 4034 708 4088 2:
732 4030 886 4100 ‚muamus
912 4032 988 4088 enim
1010 4035 1042 4086 tu
1065 4047 1171 4104 magna
1193 4038 1223 4088 et
1245 4031 1314 4089 milri

220 4114 346 4172 iucunda
363 4119 510 4191 scripseris
529 4119 565 4175 de
582 4119 619 4176 D.
637 4120 719 4176 Bruti
736 4119 861 4176 adventu
880 4120 917 4174 ad
936 4135 1001 4177 suas
1019 4120 1162 4191 legioner‘
1181 4125 1235 4176 etc.

289 4204 316 4270 5)
334 4204 407 4264 ibid.
426 4205 454 4282 ξ,
476 4208 512 4263 1.:
530 4207 672 4277 „Septimo
690 4207 812 4278 denique
831 4207 878 4264 die
895 4207 1011 4263 litterae
1021 4206 1088 4264 mitri
1101 4205 1230 4262 redditae
1239 4211 1312 4275 sunt,

221 4307 295 4362 quae
312 4299 393 4349 erant
411 4310 429 4349 a
447 4300 475 4350 te
493 4293 571 4350 Xlll.
587 4294 650 4350 Kal
671 4294 782 4352 datae.“
1194 4319 1196 4331 =
