3140 4762
733 228 941 297 -18-

286 393 380 468 ranis
408 402 553 491 epistulis
581 404 664 466 inter
692 424 727 467 se
756 405 966 490 comparatis:
994 403 1036 468 ad
1066 405 1134 472 Att.
1167 407 1217 485 14,
1239 405 1304 486 ·19;
1330 409 1385 486 183

292 505 347 586 203
372 503 538 588 colligitur.
582 504 758 591 Postquam
782 505 816 568 in
833 505 964 571 Samnio
987 529 1104 573 novam
1120 508 1278 574 coloniam
1295 509 1385 577 Casi-

291 607 391 672 linum
415 606 556 690 deduxit,
581 610 613 673 in
637 608 679 674 M.
702 609 845 674 Terentii
868 609 1024 675 Varronis
1046 611 1182 677 fundum
1199 611 1382 680 Casinatem

292 710 467 795 advolavit,
496 711 550 776 ubi
576 734 640 776 non
663 732 784 797 paucos
808 710 875 776 dies
897 714 1133 801 perbacchatus
1156 725 1205 780 est
1226 717 1281 782 cfr.
1305 727 1384 786 orat.

292 814 375 884 Phil.
398 817 428 899 2,
453 815 530 881 103:
552 814 615 898 „ab
638 814 700 880 hac
721 815 961 903 perturbatione
984 818 1175 904 religionum
1198 818 1333 887 advolas
1351 823 1384 885 in

290 919 336 987 M.
365 918 535 999 Varronis,
567 918 760 982 sanctissimi
788 929 885 1005 atque
912 922 1110 1006 integerrimi
1141 922 1219 1004 viri,
1248 921 1384 986 fundum

291 1021 477 1087 Casinatem
510 1073 516 1086 .
542 1072 579 1086 ..
631 1021 678 1086 At
706 1043 802 1108 quam
834 1023 950 1089 multos
980 1023 1048 1088 dies
1077 1026 1110 1089 in
1143 1047 1182 1089 ea
1212 1023 1289 1089 villa
1318 1035 1383 1090 tur-

295 1126 427 1212 pissime
450 1145 485 1188 es
508 1124 742 1210 perbacchatus
752 1126 780 1187 l“

377 1227 498 1294 Casino
528 1227 644 1294 deinde
673 1229 736 1292 via.
749 1229 870 1293 Latina
891 1229 1028 1294 Romam
1049 1227 1145 1296 rediit
1175 1230 1226 1310 (cf.
1248 1229 1331 1297 Phil.
1354 1234 1384 1316 2,

292 1333 369 1408 105,
403 1332 489 1409 106).
541 1332 701 1396 Videntur
728 1333 811 1396 inter
836 1332 970 1398 Antonii
998 1333 1123 1399 Miseno
1153 1328 1385 1422 profectionem
1432 1410 1438 1424 Ι

289 1439 333 1522 (a.
358 1437 387 1504 d.
410 1435 482 1501 VII.
498 1435 546 1500 Id.
562 1435 654 1520 Mai.)
677 1444 709 1499 et
730 1434 869 1498 reditum
891 1436 923 1500 in
947 1435 1059 1502 urbem
1082 1460 1148 1504 nou
1169 1439 1264 1524 pauci
1286 1439 1384 1504 iuter·

290 1539 391 1605 fuisse
414 1537 496 1615 dies3
528 1548 637 1602 tamen
660 1561 687 1606 a.
711 1537 740 1606 d.
763 1536 804 1602 X.
828 1537 900 1603 Kal.
922 1537 1038 1604 Juniss
1062 1541 1239 1608 Antonium
1262 1541 1383 1607 Romae

289 1645 389 1710 fuisse
419 1668 460 1710 ex
485 1642 650 1709 Ciceronis
677 1639 784 1706 verbis
814 1639 936 1716 elucet,
966 1664 1049 1729 qnae
1079 1644 1121 1708 ad
1144 1647 1213 1713 Att.
1240 1647 1288 1726 15,
1309 1647 1382 1726 4,1

288 1747 455 1833 leguntur:
484 1746 582 1828 „Mihi
614 1746 695 1811 duas
729 1768 749 1809 a
778 1753 810 1809 te
832 1743 987 1834 epistulas
1008 1745 1165 1829 reddidit,
1180 1769 1293 1814 'unam
1316 1749 1383 1829 XL,

290 1852 424 1916 alteram
448 1851 490 1917 X.
514 1849 569 1913 Ad
590 1849 799 1915 recentiorem
822 1852 910 1938 prius
934 1859 966 1914 et
986 1848 1170 1937 pleniorem.
1195 1851 1383 1916 ..Antonii

289 1955 423 2022 consilia
438 1975 552 2018 narras
567 1952 766 2034 turbulenta3
784 1964 880 2040 atque
898 1956 1021 2020 utinam
1035 1952 1142 2040 potius
1158 1975 1214 2040 per
1228 1953 1381 2040 populum

289 2068 367 2145 agat
389 2080 485 2146 quam
508 2079 566 2143 per
588 2058 751 2122 senatum!
797 2055 829 2146 ξ.
852 2058 889 2121 4:
914 2055 1031 2122 Cetera
1052 2078 1160 2122 coram
1183 2064 1214 2120 et
1234 2057 1382 2134 maxime,

213 2147 216 2151 ¹
290 2162 367 2249 quid
394 2163 512 2226 nostris
544 2159 727 2225 faciendum
759 2162 815 2241 sit3
846 2158 923 2244 quid
946 2162 1042 2225 etiam
1066 2159 1176 2240 nobis,
1206 2162 1233 2225 si
1255 2163 1385 2224 Anto·

292 2269 390 2330 nius
412 2264 628 2329 militibus
651 2263 907 2328 obsessurus
932 2273 995 2326 est
1018 2272 1206 2328 senatum
1230 2271 1306 2329 etc.“

377 2368 485 2434 Rediit
505 2369 604 2452 igitur
626 2368 786 2432 Antonius
801 2366 937 2430 Romam
959 2363 1102 2451 paullo
1126 2371 1221 2431 ante
1244 2389 1272 2430 a.
1297 2367 1326 2433 d.
1344 2367 1388 2435 X.

291 2473 381 2537 Kal.
403 2471 506 2552 Jun.‚
535 2471 606 2550 ita,
635 2478 681 2534 ut
710 2469 927 2557 epistulam
960 2468 1009 2532 ad
1030 2468 1120 2536 fam.
1147 2471 1208 2553 11,
1231 2471 1251 2534 2
1273 2471 1387 2535 intra

293 2576 430 2640 decem
454 2585 666 2640 extremos
689 2574 845 2637 mensis
868 2572 950 2636 Mai
975 2571 1066 2636 dies
1093 2572 1203 2636 datam
1225 2595 1297 2638 esse
1319 2575 1386 2640 veri

291 2679 487 2744 simillimum
507 2679 557 2762 sit,
580 2677 696 2764 quibus
712 2677 836 2761 diebus,
852 2687 958 2742 utrum
976 2676 1018 2742 ad
1032 2675 1105 2741 Kal.
1121 2676 1236 2743 Junias
1252 2676 1384 2742 Romam

291 2783 433 2848 redirent
454 2780 562 2868 ibique
585 2781 761 2847 commodis
786 2789 851 2846 suis
873 2781 923 2845 vel
945 2782 978 2845 in
994 2790 1108 2846 senatu
1123 2779 1175 2844 vel
1189 2783 1222 2844 in
1238 2781 1385 2845 contione

291 2888 510 2974 prospicerent
538 2907 651 2968 neone,
681 2887 725 2953 M.
754 2885 875 2948 Brutus
905 2893 936 2949 et
959 2883 996 2949 C.
1021 2882 1154 2949 Cassius
1184 2883 1278 2948 valde
1308 2881 1384 2947 deli·

292 2991 492 3070 herebant.¹)

291 3179 358 3262 Rp.
375 3177 416 3242 ad
433 3177 519 3243 fam.
531 3176 579 3251 11,
591 3173 632 3240 32
653 3173 796 3257 Brutus,
807 3184 840 3242 et
855 3175 997 3243 Cassios
1011 3197 1063 3262 pr.
1076 3198 1103 3242 r.
1115 3177 1145 3244 d.
1159 3176 1304 3243 Arltouio
1317 3197 1384 3245 cos.

378 3299 473 3363 Hanc
498 3295 668 3384 epistulam
683 3293 720 3359 C.
737 3295 872 3361 Cassius
894 3307 926 3362 et
940 3296 983 3363 M.
999 3297 1120 3362 Brutus
1144 3297 1277 3384 pridie
1291 3296 1321 3362 N
1329 3319 1383 3363 on.

293 3401 476 3466 Sextiles
505 3399 547 3464 ad
570 3398 747 3464 Antonium
772 3401 937 3480 dederunt,
967 3408 1004 3465 ut
1025 3400 1058 3465 in
1081 3399 1218 3488 epistula
1241 3410 1384 3467 extrema

290 3505 436 3589 legimus,
452 3525 555 3590 neque
573 3513 630 3585 est,
647 3525 704 3568 cur
719 3503 803 3568 diem
819 3504 970 3568 traditum
987 3504 1102 3570 falsum
1115 3525 1185 3569 esse
1196 3502 1382 3571 iudicamus.

290 3609 435 3672 Exarata
457 3617 563 3672 autem
587 3616 636 3670 est
658 3629 678 3670 a
700 3607 902 3694 praetoribus
925 3607 987 3674 illis
1010 3607 1159 3695 Neapoli,
1189 3617 1224 3672 ut
1246 3608 1382 3686 videtur,

291 3711 329 3776 ol.
353 3709 395 3773 ad
418 3712 484 3775 Art.
510 3712 559 3786 16,
583 3713 612 3790 3,
634 3712 669 3776 6:
693 3709 868 3790 (Postridie
892 3711 938 3776 Id.
962 3712 1077 3800 Quint)
1100 3711 1237 3793 „Brutus
1260 3713 1381 3777 eratin

289 3813 409 3877 Neside
433 3815 626 3897 etiamnunc,
656 3813 838 3902 Neapoli
862 3814 1061 3880 cassium
1084 3816 1126 3881 ad
1149 3817 1214 3882 Att.
1240 3817 1288 3897 16,
1311 3817 1340 3897 l,
1365 3819 1378 3879 1

289 3916 331 3999 (a.
356 3917 385 3980 d.
409 3916 498 3981 XIV.
521 3916 593 3982 Kal.
617 3915 770 4004 Septem.)
799 3918 908 3997 „VIIL
931 3919 980 3988 Id.
1005 3919 1091 3986 Sext.
1123 3941 1192 3983 sum
1216 3941 1235 3981 a
1257 3917 1380 3982 Leuco-

290 4030 382 4107 petra
404 4023 575 4107 profootus.
598 4069 605 4082 .
629 4073 635 4086 .
658 4021 797 4106 Rhegini
820 4022 967 4108 quidam,
999 4022 1139 4088 illustres
1162 4023 1321 4107 homines,
1344 4045 1381 4086 eo

290 4176 498 4188 —b-n—--a--n

358 4246 439 4313 1111,
458 4263 484 4315 p,
507 4249 547 4301 19.
