3140 4762
519 257 861 324 'eoas

292 429 481 519 Suepfla:
503 429 589 512 „Son
614 429 735 496 Romae
757 429 849 495 initio
873 427 1025 512 Quintilis
1049 453 1075 492 a.
1100 449 1128 492 u.
1146 450 1171 492 o.
1190 427 1281 492 7105‘

291 534 371 599 Fre
378 556 420 621 y:
444 533 530 614 „Der
552 533 646 598 Brief
663 534 706 598 ist
727 533 862 618 Anfang
882 531 950 597 Juli
975 529 1216 616 gesohriebon.“

292 635 454 702 Baiter:
486 637 571 718 „Sor
602 637 723 702 Romae
756 638 886 702 ineunte
917 656 1026 702 mense
1050 633 1186 717 Quintili
1213 657 1240 702 a.
1272 658 1303 698 u.

65 823 69 830 Ι
206 762 232 802 e.
258 739 347 804 lllf‘

294 842 570 929 Wesenberg:
600 843 688 925 „Son
716 841 839 908 Romae
867 843 998 908 ineunte
1027 863 1138 908 meuse
1167 841 1304 924 Quintili

208 946 455 1014 auossw

292 1049 364 1114 Viri
391 1049 476 1116 dooti
505 1049 601 1137 plane
622 1050 706 1115 inter
728 1072 762 1114 se
785 1049 1005 1130 consentiunt,
1036 1038 1109 1114 euni
1131 1048 1216 1113 hano
1238 1049 1303 1136 epi·

209 1150 326 1220 stolam
355 1153 483 1219 ineunte
505 1174 616 1218 mense
638 1152 774 1233 Quintili
796 1152 906 1218 datam
927 1174 996 1217 esse
1017 1161 1140 1238 putent.
1197 1151 1303 1232 Quam

208 1255 464 1322 terminationem
497 1265 619 1321 rectam
656 1278 727 1321 esse
760 1257 885 1345 primae
917 1276 1046 1342 paragr.
1079 1255 1177 1321 verba
1206 1254 1303 1319 haee:

210 1357 385 1446 „Lepidus,
415 1368 490 1424 tuus
518 1359 650 1440 adfinis,
680 1381 771 1424 meus
794 1359 979 1441 familiaris,
1009 1381 1056 1447 pr.
1079 1357 1119 1423 K.
1143 1357 1304 1439 Quintiles

211 1463 377 1527 sententiis
407 1462 555 1528 omnibus
577 1461 681 1528 hostis
702 1484 723 1526 a
746 1471 860 1528 senatu
881 1463 1043 1528 iudicatus
1066 1471 1115 1527 est
1136 1467 1215 1526 eto.“
1237 1471 1304 1526 tam

210 1574 321 1652 aperte
343 1564 589 1648 demonstratur,
612 1575 649 1631 ut
669 1564 749 1630 nihil
772 1564 957 1631 addendum
980 1586 1051 1631 esse
1072 1563 1229 1629 videatur.

208 1734 275 1818 Ep.
292 1735 334 1800 ud
348 1735 435 1804 fam.
450 1734 568 1810 12112

209 1836 276 1922 Ep·
293 1838 335 1903 ad
349 1839 435 1908 fam·
451 1838 503 1915 12,
520 1839 577 1904 12:
612 1786 646 1854 G.
666 1787 809 1854 Cassius
822 1807 956 1873 procos.
973 1809 1001 1856 e.
1018 1788 1048 1854 sl.
1065 1787 1115 1853 Μ,
1135 1785 1304 1853 ciceroni,

294 1942 346 2008 De
369 1942 418 2008 his
441 1941 597 2028 epistulis,
618 1940 735 2026 quibus
757 1941 826 2006 dies
848 1940 1004 2028 adscripti
1025 1937 1115 2007 sunt:
1140 1940 1186 2021 „d.
1202 1940 1304 2006 Nonis
1401 1945 1404 1956 '

208 2045 336 2108 Martiis
367 2067 408 2110 ex
436 2046 552 2109 eastris
574 2043 758 2108 Taricheis“
788 2053 822 2108 et
846 2043 966 2124 „Nonis
989 2045 1086 2110 Maiis
1109 2066 1150 2109 ex
1172 2043 1305 2108 casuis“

209 2149 355 2232 quaestio
371 2147 458 2213 nullo
476 2149 670 2228 instituetur,
692 2139 881 2235 praesertim
897 2168 970 2211 oum
985 2148 1083 2212 etiam
1098 2147 1138 2212 de
1153 2155 1305 2232 tempore,

209 2271 272 2336 quo
302 2251 438 2316 Romam
464 2249 607 2336 perlatae
635 2259 725 2331 sunt,
756 2250 835 2316 satis
866 2250 907 2316 sit
937 2251 1066 2317 dictum.
1114 2251 1167 2316 De
1190 2273 1238 2338 ep.
1262 2249 1304 2314 ad

210 2353 285 2418 farn.
312 2354 414 2434 12,11
438 2353 478 2419 of.
501 2376 532 2440 p.
554 2353 690 2418 51-52.
734 2352 786 2417 De
809 2375 858 2441 ep.
883 2352 925 2418 ad
940 2353 1015 2421 fam.
1040 2355 1089 2436 12,
1110 2354 1150 2419 12
1172 2352 1211 2418 of.
1226 2375 1256 2439 p.
1273 2353 1303 2418 9.
