<?xml version="1.0" encoding="UTF-8"?>
<!DOCTYPE html PUBLIC "-//W3C//DTD XHTML 1.0 Transitional//EN"
    "http://www.w3.org/TR/xhtml1/DTD/xhtml1-transitional.dtd">
<html xmlns="http://www.w3.org/1999/xhtml" xml:lang="en" lang="en">
 <head>
  <title>
</title>
<meta http-equiv="Content-Type" content="text/html;charset=utf-8" />
  <meta name='ocr-system' content='tesseract 3.04.00' />
  <meta name='ocr-capabilities' content='ocr_page ocr_carea ocr_par ocr_line ocrx_word'/>
</head>
<body>
  <div class='ocr_page' id='page_1' title='image "./deepistulisetac00schmgoog_0019.png"; bbox 0 0 3140 4762; ppageno 0'>
   <div class='ocr_carea' id='block_1_1' title="bbox 656 232 867 329">
    <p class='ocr_par' dir='ltr' id='par_1_1' title="bbox 656 232 867 329">
     <span class='ocr_line' id='line_1_1' title="bbox 656 232 867 329; baseline -0.005 -45"><span class='ocrx_word' id='word_1_1' title='bbox 656 232 783 329; x_wconf 43' lang='lat'>&lt;1⁰</span> <span class='ocrx_word' id='word_1_2' title='bbox 826 271 867 283; x_wconf 88' lang='lat'>..</span> 
     </span>
    </p>
   </div>
   <div class='ocr_carea' id='block_1_2' title="bbox 184 398 1383 2786">
    <p class='ocr_par' dir='ltr' id='par_1_2' title="bbox 217 398 1383 2458">
     <span class='ocr_line' id='line_1_2' title="bbox 217 398 1306 487; baseline 0.007 -22"><span class='ocrx_word' id='word_1_3' title='bbox 217 398 376 487; x_wconf 84' lang='lat' dir='ltr'>fecerunt,</span> <span class='ocrx_word' id='word_1_4' title='bbox 407 402 524 470; x_wconf 87' lang='lat' dir='ltr'>iniuria</span> <span class='ocrx_word' id='word_1_5' title='bbox 554 404 649 472; x_wconf 88' lang='lat' dir='ltr'>etiam</span> <span class='ocrx_word' id='word_1_6' title='bbox 672 405 715 470; x_wconf 88' lang='lat' dir='ltr'>ad</span> <span class='ocrx_word' id='word_1_7' title='bbox 738 403 902 472; x_wconf 82' lang='lat' dir='ltr'><strong>Ciceronis</strong></span> <span class='ocrx_word' id='word_1_8' title='bbox 925 414 1063 472; x_wconf 84' lang='lat' dir='ltr'>aetatem</span> <span class='ocrx_word' id='word_1_9' title='bbox 1084 405 1224 482; x_wconf 81' lang='lat' dir='ltr'>referans</span> <span class='ocrx_word' id='word_1_10' title='bbox 1247 429 1306 473; x_wconf 89' lang='lat' dir='ltr'>nos</span> 
     </span>
     <span class='ocr_line' id='line_1_3' title="bbox 217 505 1305 598; baseline 0.006 -30"><span class='ocrx_word' id='word_1_11' title='bbox 217 505 312 569; x_wconf 89' lang='lat' dir='ltr'>nimis</span> <span class='ocrx_word' id='word_1_12' title='bbox 333 515 465 590; x_wconf 85' lang='lat' dir='ltr'>argutos</span> <span class='ocrx_word' id='word_1_13' title='bbox 488 531 528 574; x_wconf 88' lang='lat' dir='ltr'>ex</span> <span class='ocrx_word' id='word_1_14' title='bbox 550 510 760 596; x_wconf 79' lang='lat' dir='ltr'>paucissimis,</span> <span class='ocrx_word' id='word_1_15' title='bbox 783 531 866 597; x_wconf 92' lang='lat' dir='ltr'>quae</span> <span class='ocrx_word' id='word_1_16' title='bbox 888 511 1139 598; x_wconf 85' lang='lat' dir='ltr'>protulissemus,</span> <span class='ocrx_word' id='word_1_17' title='bbox 1161 511 1305 595; x_wconf 84' lang='lat' dir='ltr'>vestigiis</span> 
     </span>
     <span class='ocr_line' id='line_1_4' title="bbox 219 610 1304 703; baseline 0.007 -31"><span class='ocrx_word' id='word_1_18' title='bbox 219 610 303 674; x_wconf 90' lang='lat' dir='ltr'>iusto</span> <span class='ocrx_word' id='word_1_19' title='bbox 333 611 487 676; x_wconf 89' lang='lat' dir='ltr'>maiorem</span> <span class='ocrx_word' id='word_1_20' title='bbox 509 613 603 678; x_wconf 91' lang='lat' dir='ltr'>huius</span> <span class='ocrx_word' id='word_1_21' title='bbox 624 615 740 680; x_wconf 87' lang='lat' dir='ltr'>aetatis</span> <span class='ocrx_word' id='word_1_22' title='bbox 763 613 1006 680; x_wconf 82' lang='lat' dir='ltr'>tabellariis</span> <span class='ocrx_word' id='word_1_23' title='bbox 1028 614 1217 703; x_wconf 88' lang='lat' dir='ltr'>privatis</span> <span class='ocrx_word' id='word_1_24' title='bbox 1239 622 1304 680; x_wconf 83' lang='lat' dir='ltr'>tar·</span> 
     </span>
     <span class='ocr_line' id='line_1_5' title="bbox 220 711 1306 785; baseline 0.002 -5"><span class='ocrx_word' id='word_1_25' title='bbox 220 711 353 780; x_wconf 82' lang='lat' dir='ltr'>ditatam</span> <span class='ocrx_word' id='word_1_26' title='bbox 390 715 515 781; x_wconf 87' lang='lat' dir='ltr'>crimini</span> <span class='ocrx_word' id='word_1_27' title='bbox 550 717 685 785; x_wconf 84' lang='lat' dir='ltr'>dedisse.</span> <span class='ocrx_word' id='word_1_28' title='bbox 741 717 848 782; x_wconf 88' lang='lat' dir='ltr'>Hanc</span> <span class='ocrx_word' id='word_1_29' title='bbox 873 717 915 783; x_wconf 93' lang='lat' dir='ltr'>ob</span> <span class='ocrx_word' id='word_1_30' title='bbox 951 739 1019 784; x_wconf 88' lang='lat' dir='ltr'>rem</span> <span class='ocrx_word' id='word_1_31' title='bbox 1055 716 1120 782; x_wconf 90' lang='lat' dir='ltr'>alia</span> <span class='ocrx_word' id='word_1_32' title='bbox 1153 715 1306 785; x_wconf 88' lang='lat' dir='ltr'>nonnulla</span> 
     </span>
     <span class='ocr_line' id='line_1_6' title="bbox 220 818 1306 909; baseline 0.001 -27"><span class='ocrx_word' id='word_1_33' title='bbox 220 818 366 905; x_wconf 86' lang='lat' dir='ltr'>exempla</span> <span class='ocrx_word' id='word_1_34' title='bbox 397 818 440 884; x_wconf 89' lang='lat' dir='ltr'>ad</span> <span class='ocrx_word' id='word_1_35' title='bbox 467 822 657 888; x_wconf 87' lang='lat' dir='ltr'>sententiam</span> <span class='ocrx_word' id='word_1_36' title='bbox 685 843 790 888; x_wconf 86' lang='lat' dir='ltr'>meam</span> <span class='ocrx_word' id='word_1_37' title='bbox 817 820 1039 887; x_wconf 85' lang='lat' dir='ltr'>illustrandam</span> <span class='ocrx_word' id='word_1_38' title='bbox 1066 820 1235 909; x_wconf 85' lang='lat' dir='ltr'>proferam.</span> <span class='ocrx_word' id='word_1_39' title='bbox 1263 858 1306 870; x_wconf 84' lang='lat'>—-</span> 
     </span>
     <span class='ocr_line' id='line_1_7' title="bbox 221 921 1306 1011; baseline 0.003 -25"><span class='ocrx_word' id='word_1_40' title='bbox 221 921 345 1003; x_wconf 88' lang='lat' dir='ltr'>Eadem</span> <span class='ocrx_word' id='word_1_41' title='bbox 368 922 435 988; x_wconf 88' lang='lat' dir='ltr'>fere</span> <span class='ocrx_word' id='word_1_42' title='bbox 450 923 622 1007; x_wconf 86' lang='lat' dir='ltr'>celeritate,</span> <span class='ocrx_word' id='word_1_43' title='bbox 645 947 742 1011; x_wconf 89' lang='lat' dir='ltr'>quam</span> <span class='ocrx_word' id='word_1_44' title='bbox 760 947 820 990; x_wconf 89' lang='lat' dir='ltr'>nos</span> <span class='ocrx_word' id='word_1_45' title='bbox 835 934 999 1011; x_wconf 85' lang='lat' dir='ltr'>tamquam</span> <span class='ocrx_word' id='word_1_46' title='bbox 1014 925 1190 1010; x_wconf 79' lang='lat' dir='ltr'>legitimam</span> <span class='ocrx_word' id='word_1_47' title='bbox 1205 923 1306 990; x_wconf 91' lang='lat' dir='ltr'>tabel-</span> 
     </span>
     <span class='ocr_line' id='line_1_8' title="bbox 218 1023 1306 1115; baseline 0.004 -25"><span class='ocrx_word' id='word_1_48' title='bbox 218 1023 371 1092; x_wconf 85' lang='lat' dir='ltr'>lariorum</span> <span class='ocrx_word' id='word_1_49' title='bbox 394 1025 559 1092; x_wconf 82' lang='lat' dir='ltr'>Ciceronis</span> <span class='ocrx_word' id='word_1_50' title='bbox 581 1037 687 1093; x_wconf 87' lang='lat' dir='ltr'>aetate</span> <span class='ocrx_word' id='word_1_51' title='bbox 709 1025 866 1095; x_wconf 79' lang='lat' dir='ltr'>Romaiu</span> <span class='ocrx_word' id='word_1_52' title='bbox 889 1027 1017 1115; x_wconf 84' lang='lat' dir='ltr'>Syriam</span> <span class='ocrx_word' id='word_1_53' title='bbox 1037 1028 1306 1114; x_wconf 87' lang='lat' dir='ltr'>proficiscentium</span> 
     </span>
     <span class='ocr_line' id='line_1_9' title="bbox 219 1129 1308 1218; baseline 0.004 -26"><span class='ocrx_word' id='word_1_54' title='bbox 219 1130 398 1210; x_wconf 86' lang='lat' dir='ltr'>statuimus,</span> <span class='ocrx_word' id='word_1_55' title='bbox 421 1129 608 1197; x_wconf 90' lang='lat' dir='ltr'>tabellarius</span> <span class='ocrx_word' id='word_1_56' title='bbox 630 1131 699 1214; x_wconf 90' lang='lat' dir='ltr'>ille,</span> <span class='ocrx_word' id='word_1_57' title='bbox 726 1134 780 1218; x_wconf 92' lang='lat' dir='ltr'>qui</span> <span class='ocrx_word' id='word_1_58' title='bbox 804 1131 967 1199; x_wconf 87' lang='lat' dir='ltr'>Cornificii</span> <span class='ocrx_word' id='word_1_59' title='bbox 988 1131 1110 1198; x_wconf 85' lang='lat' dir='ltr'>litteras</span> <span class='ocrx_word' id='word_1_60' title='bbox 1133 1153 1174 1196; x_wconf 85' lang='lat' dir='ltr'>ex</span> <span class='ocrx_word' id='word_1_61' title='bbox 1196 1131 1308 1197; x_wconf 76' lang='lat' dir='ltr'>Africa</span> 
     </span>
     <span class='ocr_line' id='line_1_10' title="bbox 218 1232 1306 1321; baseline 0.004 -27"><span class='ocrx_word' id='word_1_62' title='bbox 218 1232 369 1298; x_wconf 86' lang='lat' dir='ltr'>vicesimo</span> <span class='ocrx_word' id='word_1_63' title='bbox 400 1232 502 1300; x_wconf 89' lang='lat' dir='ltr'>altero</span> <span class='ocrx_word' id='word_1_64' title='bbox 525 1235 577 1300; x_wconf 90' lang='lat' dir='ltr'>die</span> <span class='ocrx_word' id='word_1_65' title='bbox 598 1236 733 1300; x_wconf 84' lang='lat' dir='ltr'>Romam</span> <span class='ocrx_word' id='word_1_66' title='bbox 756 1235 907 1321; x_wconf 80' lang='lat' dir='ltr'>detulit,¹)</span> <span class='ocrx_word' id='word_1_67' title='bbox 929 1258 1006 1302; x_wconf 89' lang='lat' dir='ltr'>usus</span> <span class='ocrx_word' id='word_1_68' title='bbox 1028 1246 1077 1300; x_wconf 87' lang='lat' dir='ltr'>est</span> <span class='ocrx_word' id='word_1_69' title='bbox 1098 1244 1130 1300; x_wconf 88' lang='lat' dir='ltr'>et</span> <span class='ocrx_word' id='word_1_70' title='bbox 1150 1235 1221 1316; x_wconf 90' lang='lat' dir='ltr'>ille,</span> <span class='ocrx_word' id='word_1_71' title='bbox 1252 1235 1306 1321; x_wconf 91' lang='lat' dir='ltr'>qui</span> 
     </span>
     <span class='ocr_line' id='line_1_11' title="bbox 218 1337 1308 1426; baseline 0.003 -26"><span class='ocrx_word' id='word_1_72' title='bbox 218 1337 320 1401; x_wconf 90' lang='lat' dir='ltr'>Attici</span> <span class='ocrx_word' id='word_1_73' title='bbox 345 1337 469 1404; x_wconf 85' lang='lat' dir='ltr'>litteras</span> <span class='ocrx_word' id='word_1_74' title='bbox 498 1361 525 1406; x_wconf 92' lang='lat' dir='ltr'>a.</span> <span class='ocrx_word' id='word_1_75' title='bbox 549 1339 578 1404; x_wconf 92' lang='lat' dir='ltr'>d.</span> <span class='ocrx_word' id='word_1_76' title='bbox 602 1338 696 1404; x_wconf 89' lang='lat' dir='ltr'><strong>XIII.</strong></span> <span class='ocrx_word' id='word_1_77' title='bbox 718 1339 790 1406; x_wconf 89' lang='lat' dir='ltr'>Kal.</span> <span class='ocrx_word' id='word_1_78' title='bbox 814 1338 900 1405; x_wconf 84' lang='lat' dir='ltr'>Sext.</span> <span class='ocrx_word' id='word_1_79' title='bbox 926 1339 1047 1404; x_wconf 88' lang='lat' dir='ltr'>Romae</span> <span class='ocrx_word' id='word_1_80' title='bbox 1076 1338 1171 1404; x_wconf 87' lang='lat' dir='ltr'>datas</span> <span class='ocrx_word' id='word_1_81' title='bbox 1199 1337 1308 1426; x_wconf 86' lang='lat' dir='ltr'>paullo</span> 
     </span>
     <span class='ocr_line' id='line_1_12' title="bbox 219 1440 1307 1528; baseline 0.002 -25"><span class='ocrx_word' id='word_1_82' title='bbox 219 1449 294 1518; x_wconf 86' lang='lat' dir='ltr'>ante</span> <span class='ocrx_word' id='word_1_83' title='bbox 329 1462 356 1504; x_wconf 89' lang='lat' dir='ltr'>a.</span> <span class='ocrx_word' id='word_1_84' title='bbox 396 1441 427 1507; x_wconf 90' lang='lat' dir='ltr'>d.</span> <span class='ocrx_word' id='word_1_85' title='bbox 457 1442 515 1506; x_wconf 92' lang='lat' dir='ltr'>XI.</span> <span class='ocrx_word' id='word_1_86' title='bbox 543 1441 616 1508; x_wconf 89' lang='lat' dir='ltr'>Kal.</span> <span class='ocrx_word' id='word_1_87' title='bbox 647 1443 717 1509; x_wconf 90' lang='lat' dir='ltr'>Oct.</span> <span class='ocrx_word' id='word_1_88' title='bbox 750 1441 910 1528; x_wconf 81' lang='lat' dir='ltr'>Cybistris</span> <span class='ocrx_word' id='word_1_89' title='bbox 942 1441 1091 1508; x_wconf 74' lang='lat' dir='ltr'>Ciceroni</span> <span class='ocrx_word' id='word_1_90' title='bbox 1128 1440 1307 1523; x_wconf 62' lang='lat' dir='ltr'>reddiditll</span> 
     </span>
     <span class='ocr_line' id='line_1_13' title="bbox 220 1529 1310 1633; baseline 0.001 -26"><span class='ocrx_word' id='word_1_91' title='bbox 220 1533 356 1608; x_wconf 89' lang='lat' dir='ltr'>Lentius</span> <span class='ocrx_word' id='word_1_92' title='bbox 378 1544 528 1611; x_wconf 88' lang='lat' dir='ltr'>videntur</span> <span class='ocrx_word' id='word_1_93' title='bbox 550 1568 621 1612; x_wconf 88' lang='lat' dir='ltr'>esse</span> <span class='ocrx_word' id='word_1_94' title='bbox 642 1547 814 1632; x_wconf 82' lang='lat' dir='ltr'>progressi,</span> <span class='ocrx_word' id='word_1_95' title='bbox 844 1546 898 1632; x_wconf 92' lang='lat' dir='ltr'>qui</span> <span class='ocrx_word' id='word_1_96' title='bbox 921 1529 1019 1631; x_wconf 73' lang='lat' dir='ltr'>Appii</span> <span class='ocrx_word' id='word_1_97' title='bbox 1041 1543 1194 1633; x_wconf 81' lang='lat' dir='ltr'>epistulas</span> <span class='ocrx_word' id='word_1_98' title='bbox 1216 1542 1310 1625; x_wconf 80' lang='lat' dir='ltr'>duas,</span> 
     </span>
     <span class='ocr_line' id='line_1_14' title="bbox 220 1647 1307 1736; baseline 0.002 -26"><span class='ocrx_word' id='word_1_99' title='bbox 220 1667 356 1732; x_wconf 87' lang='lat' dir='ltr'>quarum</span> <span class='ocrx_word' id='word_1_100' title='bbox 378 1649 481 1714; x_wconf 89' lang='lat' dir='ltr'>altera</span> <span class='ocrx_word' id='word_1_101' title='bbox 496 1650 596 1716; x_wconf 90' lang='lat' dir='ltr'>Nonis</span> <span class='ocrx_word' id='word_1_102' title='bbox 612 1648 722 1735; x_wconf 84' lang='lat' dir='ltr'>April,</span> <span class='ocrx_word' id='word_1_103' title='bbox 745 1648 845 1714; x_wconf 89' lang='lat' dir='ltr'>altera</span> <span class='ocrx_word' id='word_1_104' title='bbox 867 1656 981 1736; x_wconf 88' lang='lat' dir='ltr'>postea</span> <span class='ocrx_word' id='word_1_105' title='bbox 997 1647 1116 1717; x_wconf 85' lang='lat' dir='ltr'>Rornae</span> <span class='ocrx_word' id='word_1_106' title='bbox 1138 1647 1307 1726; x_wconf 77' lang='lat' dir='ltr'>deiceret,</span> 
     </span>
     <span class='ocr_line' id='line_1_15' title="bbox 219 1751 1309 1838; baseline 0.002 -24"><span class='ocrx_word' id='word_1_107' title='bbox 219 1751 293 1818; x_wconf 84' lang='lat' dir='ltr'>circ.</span> <span class='ocrx_word' id='word_1_108' title='bbox 324 1751 429 1816; x_wconf 92' lang='lat' dir='ltr'>medio</span> <span class='ocrx_word' id='word_1_109' title='bbox 457 1775 566 1817; x_wconf 90' lang='lat' dir='ltr'>mense</span> <span class='ocrx_word' id='word_1_110' title='bbox 588 1753 727 1838; x_wconf 77' lang='lat' dir='ltr'>Iunio,³)</span> <span class='ocrx_word' id='word_1_111' title='bbox 756 1753 775 1817; x_wconf 92' lang='lat' dir='ltr'>i.</span> <span class='ocrx_word' id='word_1_112' title='bbox 799 1775 824 1817; x_wconf 88' lang='lat' dir='ltr'>e.</span> <span class='ocrx_word' id='word_1_113' title='bbox 848 1754 920 1816; x_wconf 86' lang='lat' dir='ltr'>circ.</span> <span class='ocrx_word' id='word_1_114' title='bbox 944 1753 1179 1837; x_wconf 85' lang='lat' dir='ltr'>septuagesimo</span> <span class='ocrx_word' id='word_1_115' title='bbox 1202 1752 1253 1816; x_wconf 92' lang='lat' dir='ltr'>die</span> <span class='ocrx_word' id='word_1_116' title='bbox 1275 1752 1309 1816; x_wconf 90' lang='lat' dir='ltr'>in</span> 
     </span>
     <span class='ocr_line' id='line_1_16' title="bbox 219 1853 1310 1943; baseline 0.001 -26"><span class='ocrx_word' id='word_1_117' title='bbox 219 1863 326 1920; x_wconf 88' lang='lat' dir='ltr'>castra</span> <span class='ocrx_word' id='word_1_118' title='bbox 348 1854 389 1918; x_wconf 89' lang='lat' dir='ltr'>ad</span> <span class='ocrx_word' id='word_1_119' title='bbox 411 1853 543 1920; x_wconf 89' lang='lat' dir='ltr'>fluvium</span> <span class='ocrx_word' id='word_1_120' title='bbox 567 1855 742 1943; x_wconf 85' lang='lat' dir='ltr'>Pyramum</span> <span class='ocrx_word' id='word_1_121' title='bbox 765 1855 963 1942; x_wconf 88' lang='lat' dir='ltr'>pertulerunt</span> <span class='ocrx_word' id='word_1_122' title='bbox 985 1855 1023 1920; x_wconf 86' lang='lat' dir='ltr'>cf.</span> <span class='ocrx_word' id='word_1_123' title='bbox 1046 1853 1088 1918; x_wconf 93' lang='lat' dir='ltr'>ad</span> <span class='ocrx_word' id='word_1_124' title='bbox 1111 1855 1184 1920; x_wconf 87' lang='lat' dir='ltr'>fam.</span> <span class='ocrx_word' id='word_1_125' title='bbox 1208 1857 1236 1930; x_wconf 89' lang='lat'>3,</span> <span class='ocrx_word' id='word_1_126' title='bbox 1261 1857 1310 1935; x_wconf 90' lang='lat'>11,</span> 
     </span>
     <span class='ocr_line' id='line_1_17' title="bbox 222 1956 1309 2044; baseline -0.004 -20"><span class='ocrx_word' id='word_1_127' title='bbox 222 1963 258 2024; x_wconf 86' lang='lat'>1:</span> <span class='ocrx_word' id='word_1_128' title='bbox 288 1958 390 2040; x_wconf 87' lang='lat' dir='ltr'>„Cum</span> <span class='ocrx_word' id='word_1_129' title='bbox 420 1981 524 2025; x_wconf 90' lang='lat' dir='ltr'>essem</span> <span class='ocrx_word' id='word_1_130' title='bbox 553 1960 587 2024; x_wconf 89' lang='lat' dir='ltr'>in</span> <span class='ocrx_word' id='word_1_131' title='bbox 609 1960 723 2024; x_wconf 89' lang='lat' dir='ltr'>castris</span> <span class='ocrx_word' id='word_1_132' title='bbox 746 1959 788 2026; x_wconf 91' lang='lat' dir='ltr'>ad</span> <span class='ocrx_word' id='word_1_133' title='bbox 809 1959 941 2025; x_wconf 89' lang='lat' dir='ltr'>fluvium</span> <span class='ocrx_word' id='word_1_134' title='bbox 964 1958 1140 2044; x_wconf 89' lang='lat' dir='ltr'>Pyramum</span> <span class='ocrx_word' id='word_1_135' title='bbox 1162 1956 1309 2022; x_wconf 88' lang='lat' dir='ltr'>redditae</span> 
     </span>
     <span class='ocr_line' id='line_1_18' title="bbox 219 2051 1311 2150; baseline -0.003 -23"><span class='ocrx_word' id='word_1_136' title='bbox 219 2062 297 2128; x_wconf 92' lang='lat' dir='ltr'>mihi</span> <span class='ocrx_word' id='word_1_137' title='bbox 326 2061 410 2128; x_wconf 83' lang='lat' dir='ltr'>sunt</span> <span class='ocrx_word' id='word_1_138' title='bbox 429 2085 493 2130; x_wconf 93' lang='lat' dir='ltr'>uno</span> <span class='ocrx_word' id='word_1_139' title='bbox 522 2071 666 2149; x_wconf 85' lang='lat' dir='ltr'>ternpore</span> <span class='ocrx_word' id='word_1_140' title='bbox 695 2087 715 2129; x_wconf 91' lang='lat' dir='ltr'>a</span> <span class='ocrx_word' id='word_1_141' title='bbox 737 2051 769 2129; x_wconf 81' lang='lat' dir='ltr'>te</span> <span class='ocrx_word' id='word_1_142' title='bbox 790 2061 945 2150; x_wconf 88' lang='lat' dir='ltr'>epistulae</span> <span class='ocrx_word' id='word_1_143' title='bbox 969 2062 1067 2142; x_wconf 89' lang='lat' dir='ltr'>duae,</span> <span class='ocrx_word' id='word_1_144' title='bbox 1094 2083 1174 2149; x_wconf 90' lang='lat' dir='ltr'>quas</span> <span class='ocrx_word' id='word_1_145' title='bbox 1195 2059 1237 2125; x_wconf 90' lang='lat' dir='ltr'>ad</span> <span class='ocrx_word' id='word_1_146' title='bbox 1260 2081 1311 2125; x_wconf 86' lang='lat' dir='ltr'>mc</span> 
     </span>
     <span class='ocr_line' id='line_1_19' title="bbox 220 2164 1311 2248; baseline -0.003 -17"><span class='ocrx_word' id='word_1_147' title='bbox 220 2168 259 2248; x_wconf 89' lang='lat' dir='ltr'>Q.</span> <span class='ocrx_word' id='word_1_148' title='bbox 283 2166 437 2232; x_wconf 86' lang='lat' dir='ltr'>Servilius</span> <span class='ocrx_word' id='word_1_149' title='bbox 463 2167 567 2233; x_wconf 83' lang='lat' dir='ltr'>Tarso</span> <span class='ocrx_word' id='word_1_150' title='bbox 598 2169 739 2233; x_wconf 88' lang='lat' dir='ltr'>miserat.</span> <span class='ocrx_word' id='word_1_151' title='bbox 792 2165 915 2230; x_wconf 86' lang='lat' dir='ltr'>Earum</span> <span class='ocrx_word' id='word_1_152' title='bbox 944 2165 978 2230; x_wconf 93' lang='lat' dir='ltr'>in</span> <span class='ocrx_word' id='word_1_153' title='bbox 1008 2167 1109 2230; x_wconf 89' lang='lat' dir='ltr'>altera</span> <span class='ocrx_word' id='word_1_154' title='bbox 1143 2164 1211 2229; x_wconf 91' lang='lat' dir='ltr'>dies</span> <span class='ocrx_word' id='word_1_155' title='bbox 1241 2173 1311 2229; x_wconf 90' lang='lat' dir='ltr'>erat</span> 
     </span>
     <span class='ocr_line' id='line_1_20' title="bbox 223 2260 1383 2356; baseline -0.003 -21"><span class='ocrx_word' id='word_1_156' title='bbox 223 2260 386 2356; x_wconf 90' lang='lat' dir='ltr'>adscripta</span> <span class='ocrx_word' id='word_1_157' title='bbox 408 2271 573 2336; x_wconf 89' lang='lat' dir='ltr'>Nonarum</span> <span class='ocrx_word' id='word_1_158' title='bbox 596 2270 769 2356; x_wconf 88' lang='lat' dir='ltr'>Aprilium,</span> <span class='ocrx_word' id='word_1_159' title='bbox 798 2270 831 2334; x_wconf 92' lang='lat' dir='ltr'>in</span> <span class='ocrx_word' id='word_1_160' title='bbox 854 2267 974 2350; x_wconf 88' lang='lat' dir='ltr'>altera,</span> <span class='ocrx_word' id='word_1_161' title='bbox 997 2289 1079 2354; x_wconf 89' lang='lat' dir='ltr'>quae</span> <span class='ocrx_word' id='word_1_162' title='bbox 1102 2267 1181 2334; x_wconf 90' lang='lat' dir='ltr'>mibi</span> <span class='ocrx_word' id='word_1_163' title='bbox 1202 2289 1312 2332; x_wconf 85' lang='lat' dir='ltr'>recen·</span> <span class='ocrx_word' id='word_1_164' title='bbox 1379 2341 1383 2352; x_wconf 30' lang='lat'>¹</span> 
     </span>
     <span class='ocr_line' id='line_1_21' title="bbox 222 2372 1313 2458; baseline -0.002 -19"><span class='ocrx_word' id='word_1_165' title='bbox 222 2375 284 2443; x_wconf 87' lang='lat' dir='ltr'>tior</span> <span class='ocrx_word' id='word_1_166' title='bbox 305 2374 484 2456; x_wconf 87' lang='lat' dir='ltr'>videbatur,</span> <span class='ocrx_word' id='word_1_167' title='bbox 507 2372 576 2438; x_wconf 90' lang='lat' dir='ltr'>dies</span> <span class='ocrx_word' id='word_1_168' title='bbox 597 2396 663 2439; x_wconf 90' lang='lat' dir='ltr'>non</span> <span class='ocrx_word' id='word_1_169' title='bbox 685 2372 813 2458; x_wconf 59' lang='lat' dir='ltr'>erare)</span> <span class='ocrx_word' id='word_1_170' title='bbox 1312 2445 1313 2450; x_wconf 9' lang='grc' dir='ltr'>η</span> 
     </span>
    </p>

    <p class='ocr_par' dir='ltr' id='par_1_3' title="bbox 184 2489 1313 2786">
     <span class='ocr_line' id='line_1_22' title="bbox 307 2489 1313 2581; baseline -0.004 -23"><span class='ocrx_word' id='word_1_171' title='bbox 307 2493 380 2558; x_wconf 85' lang='lat' dir='ltr'>Non</span> <span class='ocrx_word' id='word_1_172' title='bbox 402 2493 495 2558; x_wconf 80' lang='lat' dir='ltr'>citius</span> <span class='ocrx_word' id='word_1_173' title='bbox 517 2493 652 2581; x_wconf 84' lang='lat' dir='ltr'>proiecti</span> <span class='ocrx_word' id='word_1_174' title='bbox 675 2503 750 2560; x_wconf 89' lang='lat' dir='ltr'>sunt</span> <span class='ocrx_word' id='word_1_175' title='bbox 771 2493 803 2570; x_wconf 91' lang='lat' dir='ltr'>ii,</span> <span class='ocrx_word' id='word_1_176' title='bbox 826 2493 881 2577; x_wconf 90' lang='lat' dir='ltr'>qui</span> <span class='ocrx_word' id='word_1_177' title='bbox 895 2490 996 2555; x_wconf 72' lang='lat' dir='ltr'>Attici</span> <span class='ocrx_word' id='word_1_178' title='bbox 1018 2490 1187 2580; x_wconf 86' lang='lat' dir='ltr'>epistulam</span> <span class='ocrx_word' id='word_1_179' title='bbox 1210 2489 1313 2580; x_wconf 89' lang='lat' dir='ltr'>pridie</span> 
     </span>
     <span class='ocr_line' id='line_1_23' title="bbox 208 2594 1312 2681; baseline -0.004 -20"><span class='ocrx_word' id='word_1_180' title='bbox 208 2596 295 2662; x_wconf 86' lang='lat' dir='ltr'>¹Kal.</span> <span class='ocrx_word' id='word_1_181' title='bbox 319 2596 494 2662; x_wconf 77' lang='lat' dir='ltr'>Ianuarias</span> <span class='ocrx_word' id='word_1_182' title='bbox 519 2598 628 2661; x_wconf 86' lang='lat' dir='ltr'>datam</span> <span class='ocrx_word' id='word_1_183' title='bbox 652 2619 679 2661; x_wconf 92' lang='lat' dir='ltr'>a.</span> <span class='ocrx_word' id='word_1_184' title='bbox 704 2596 733 2660; x_wconf 95' lang='lat' dir='ltr'>d.</span> <span class='ocrx_word' id='word_1_185' title='bbox 749 2594 788 2660; x_wconf 90' lang='lat' dir='ltr'>V.</span> <span class='ocrx_word' id='word_1_186' title='bbox 804 2594 1010 2676; x_wconf 87' lang='lat' dir='ltr'>Terminalia,</span> <span class='ocrx_word' id='word_1_187' title='bbox 1033 2598 1053 2659; x_wconf 91' lang='lat' dir='ltr'>i.</span> <span class='ocrx_word' id='word_1_188' title='bbox 1077 2617 1102 2661; x_wconf 91' lang='lat' dir='ltr'>e:</span> <span class='ocrx_word' id='word_1_189' title='bbox 1125 2596 1198 2660; x_wconf 86' lang='lat' dir='ltr'>circ.</span> <span class='ocrx_word' id='word_1_190' title='bbox 1222 2595 1312 2681; x_wconf 91' lang='lat' dir='ltr'>quin·</span> 
     </span>
     <span class='ocr_line' id='line_1_24' title="bbox 184 2697 1313 2786; baseline -0.002 -22"><span class='ocrx_word' id='word_1_191' title='bbox 184 2753 185 2756; x_wconf 50' lang='lat'>.</span> <span class='ocrx_word' id='word_1_192' title='bbox 224 2701 410 2786; x_wconf 85' lang='lat' dir='ltr'>quagesimo</span> <span class='ocrx_word' id='word_1_193' title='bbox 445 2700 496 2766; x_wconf 91' lang='lat' dir='ltr'>die</span> <span class='ocrx_word' id='word_1_194' title='bbox 519 2700 668 2767; x_wconf 90' lang='lat' dir='ltr'>Ciceroni</span> <span class='ocrx_word' id='word_1_195' title='bbox 690 2699 872 2766; x_wconf 89' lang='lat' dir='ltr'>Laodiceae</span> <span class='ocrx_word' id='word_1_196' title='bbox 893 2697 1140 2784; x_wconf 81' lang='lat' dir='ltr'>reddiderunt.⁵)</span> <span class='ocrx_word' id='word_1_197' title='bbox 1172 2734 1213 2746; x_wconf 92' lang='lat'><em>-</em></span> <span class='ocrx_word' id='word_1_198' title='bbox 1245 2699 1313 2763; x_wconf 91' lang='lat' dir='ltr'>Aut</span> 
     </span>
    </p>
   </div>
   <div class='ocr_carea' id='block_1_3' title="bbox 96 2799 1314 2891">
    <p class='ocr_par' dir='ltr' id='par_1_4' title="bbox 96 2799 1314 2891">
     <span class='ocr_line' id='line_1_25' title="bbox 96 2799 1314 2891; baseline -0.004 -22"><span class='ocrx_word' id='word_1_199' title='bbox 96 2807 107 2831; x_wconf 82' lang='lat'><strong><em>&#39;</em></strong></span> <span class='ocrx_word' id='word_1_200' title='bbox 223 2811 354 2891; x_wconf 89' lang='lat' dir='ltr'>propter</span> <span class='ocrx_word' id='word_1_201' title='bbox 377 2826 533 2869; x_wconf 91' lang='lat' dir='ltr'>summam</span> <span class='ocrx_word' id='word_1_202' title='bbox 555 2803 794 2869; x_wconf 84' lang='lat' dir='ltr'>tabellariorum</span> <span class='ocrx_word' id='word_1_203' title='bbox 815 2801 999 2867; x_wconf 86' lang='lat' dir='ltr'>tarditatem</span> <span class='ocrx_word' id='word_1_204' title='bbox 1023 2809 1079 2865; x_wconf 86' lang='lat' dir='ltr'>aut</span> <span class='ocrx_word' id='word_1_205' title='bbox 1099 2810 1231 2887; x_wconf 91' lang='lat' dir='ltr'>propter</span> <span class='ocrx_word' id='word_1_206' title='bbox 1250 2799 1314 2865; x_wconf 86' lang='lat' dir='ltr'>alia</span> 
     </span>
    </p>
   </div>
   <div class='ocr_carea' id='block_1_4' title="bbox 222 2903 1315 3388">
    <p class='ocr_par' dir='ltr' id='par_1_5' title="bbox 222 2903 1315 3388">
     <span class='ocr_line' id='line_1_26' title="bbox 223 2903 1315 2995; baseline 0 -25"><span class='ocrx_word' id='word_1_207' title='bbox 223 2906 469 2993; x_wconf 85' lang='lat' dir='ltr'>impedimenta,</span> <span class='ocrx_word' id='word_1_208' title='bbox 507 2931 589 2995; x_wconf 89' lang='lat' dir='ltr'>quae</span> <span class='ocrx_word' id='word_1_209' title='bbox 620 2906 788 2973; x_wconf 88' lang='lat' dir='ltr'>itineribus</span> <span class='ocrx_word' id='word_1_210' title='bbox 814 2927 921 2971; x_wconf 89' lang='lat' dir='ltr'>moras</span> <span class='ocrx_word' id='word_1_211' title='bbox 955 2903 1145 2988; x_wconf 87' lang='lat' dir='ltr'>attulerunt,</span> <span class='ocrx_word' id='word_1_212' title='bbox 1175 2903 1315 2992; x_wconf 88' lang='lat' dir='ltr'>epistula</span> 
     </span>
     <span class='ocr_line' id='line_1_27' title="bbox 223 3007 1313 3098; baseline -0.001 -25"><span class='ocrx_word' id='word_1_213' title='bbox 223 3010 382 3096; x_wconf 88' lang='lat' dir='ltr'>quaedam</span> <span class='ocrx_word' id='word_1_214' title='bbox 410 3034 450 3075; x_wconf 85' lang='lat' dir='ltr'>ex</span> <span class='ocrx_word' id='word_1_215' title='bbox 473 3011 569 3098; x_wconf 86' lang='lat' dir='ltr'>Syria</span> <span class='ocrx_word' id='word_1_216' title='bbox 591 3011 741 3077; x_wconf 88' lang='lat' dir='ltr'>Puteolos</span> <span class='ocrx_word' id='word_1_217' title='bbox 763 3019 836 3097; x_wconf 92' lang='lat' dir='ltr'>post</span> <span class='ocrx_word' id='word_1_218' title='bbox 855 3009 1064 3075; x_wconf 87' lang='lat' dir='ltr'>centesimum</span> <span class='ocrx_word' id='word_1_219' title='bbox 1088 3007 1219 3094; x_wconf 53' lang='lat' dir='ltr'>diens)</span> <span class='ocrx_word' id='word_1_220' title='bbox 1250 3007 1313 3073; x_wconf 89' lang='lat' dir='ltr'>alia</span> 
     </span>
     <span class='ocr_line' id='line_1_28' title="bbox 222 3109 1314 3201; baseline -0.003 -25"><span class='ocrx_word' id='word_1_221' title='bbox 222 3112 325 3178; x_wconf 87' lang='lat' dir='ltr'>Roma</span> <span class='ocrx_word' id='word_1_222' title='bbox 348 3112 493 3179; x_wconf 89' lang='lat' dir='ltr'>Athenas</span> <span class='ocrx_word' id='word_1_223' title='bbox 522 3115 769 3201; x_wconf 85' lang='lat' dir='ltr'>quadragesimo</span> <span class='ocrx_word' id='word_1_224' title='bbox 803 3121 894 3178; x_wconf 85' lang='lat' dir='ltr'>sexto</span> <span class='ocrx_word' id='word_1_225' title='bbox 925 3112 976 3176; x_wconf 92' lang='lat' dir='ltr'>die</span> <span class='ocrx_word' id='word_1_226' title='bbox 983 3111 1022 3196; x_wconf 78' lang='lat'>,⁷)</span> <span class='ocrx_word' id='word_1_227' title='bbox 1053 3111 1116 3174; x_wconf 90' lang='lat' dir='ltr'>alia</span> <span class='ocrx_word' id='word_1_228' title='bbox 1137 3110 1241 3175; x_wconf 87' lang='lat' dir='ltr'>Roma</span> <span class='ocrx_word' id='word_1_229' title='bbox 1262 3109 1314 3175; x_wconf 89' lang='lat' dir='ltr'>vel</span> 
     </span>
     <span class='ocr_line' id='line_1_29' title="bbox 223 3213 1313 3305; baseline 0 -27"><span class='ocrx_word' id='word_1_230' title='bbox 223 3237 265 3279; x_wconf 86' lang='lat' dir='ltr'>ex</span> <span class='ocrx_word' id='word_1_231' title='bbox 299 3214 400 3304; x_wconf 85' lang='lat' dir='ltr'>Epiro</span> <span class='ocrx_word' id='word_1_232' title='bbox 437 3217 634 3284; x_wconf 88' lang='lat' dir='ltr'>Laodiceam</span> <span class='ocrx_word' id='word_1_233' title='bbox 677 3218 787 3305; x_wconf 85' lang='lat' dir='ltr'>quinto</span> <span class='ocrx_word' id='word_1_234' title='bbox 831 3215 962 3282; x_wconf 87' lang='lat' dir='ltr'>tandem</span> <span class='ocrx_word' id='word_1_235' title='bbox 1001 3235 1111 3280; x_wconf 91' lang='lat' dir='ltr'>mense</span> <span class='ocrx_word' id='word_1_236' title='bbox 1125 3217 1150 3295; x_wconf 79' lang='grc'>8)</span> <span class='ocrx_word' id='word_1_237' title='bbox 1188 3213 1313 3302; x_wconf 88' lang='lat' dir='ltr'>perlata</span> 
     </span>
     <span class='ocr_line' id='line_1_30' title="bbox 224 3329 342 3388; baseline 0.008 -5"><span class='ocrx_word' id='word_1_238' title='bbox 224 3329 280 3388; x_wconf 88' lang='lat' dir='ltr'>est.</span> <span class='ocrx_word' id='word_1_239' title='bbox 306 3357 342 3370; x_wconf 92' lang='lat'>-</span> 
     </span>
    </p>
   </div>
   <div class='ocr_carea' id='block_1_5' title="bbox 223 3511 432 3519">
    <p class='ocr_par' dir='ltr' id='par_1_6' title="bbox 223 3511 432 3519">
     <span class='ocr_line' id='line_1_31' title="bbox 223 3511 432 3519; baseline -0.01 1"><span class='ocrx_word' id='word_1_240' title='bbox 223 3511 432 3519; x_wconf 74' lang='lat'>-—-——-—--</span> 
     </span>
    </p>
   </div>
   <div class='ocr_carea' id='block_1_6' title="bbox 293 3625 1260 4308">
    <p class='ocr_par' dir='ltr' id='par_1_7' title="bbox 297 3625 904 3704">
     <span class='ocr_line' id='line_1_32' title="bbox 297 3625 904 3704; baseline -0.005 -22"><span class='ocrx_word' id='word_1_241' title='bbox 297 3629 323 3697; x_wconf 91' lang='grc'>1)</span> <span class='ocrx_word' id='word_1_242' title='bbox 341 3627 378 3684; x_wconf 88' lang='lat' dir='ltr'>cf.</span> <span class='ocrx_word' id='word_1_243' title='bbox 397 3628 485 3682; x_wconf 89' lang='lat' dir='ltr'>Bardt</span> <span class='ocrx_word' id='word_1_244' title='bbox 504 3627 576 3698; x_wconf 86' lang='lat' dir='ltr'>„Qu</span> <span class='ocrx_word' id='word_1_245' title='bbox 597 3626 691 3682; x_wconf 84' lang='lat' dir='ltr'>Tull.“</span> <span class='ocrx_word' id='word_1_246' title='bbox 709 3643 737 3696; x_wconf 92' lang='lat' dir='ltr'>p.</span> <span class='ocrx_word' id='word_1_247' title='bbox 754 3627 797 3682; x_wconf 79' lang='lat'>22.</span> <span class='ocrx_word' id='word_1_248' title='bbox 816 3643 843 3704; x_wconf 72' lang='lat' dir='ltr'>p.</span> <span class='ocrx_word' id='word_1_249' title='bbox 861 3625 904 3680; x_wconf 80' lang='grc'>43.</span> 
     </span>
    </p>

    <p class='ocr_par' dir='ltr' id='par_1_8' title="bbox 296 3710 961 3785">
     <span class='ocr_line' id='line_1_33' title="bbox 296 3710 961 3785; baseline -0.009 -15"><span class='ocrx_word' id='word_1_250' title='bbox 296 3717 325 3785; x_wconf 78' lang='lat'>2)</span> <span class='ocrx_word' id='word_1_251' title='bbox 343 3715 380 3770; x_wconf 88' lang='lat' dir='ltr'>cf.</span> <span class='ocrx_word' id='word_1_252' title='bbox 399 3715 488 3770; x_wconf 83' lang='lat' dir='ltr'>Bardt</span> <span class='ocrx_word' id='word_1_253' title='bbox 505 3714 576 3780; x_wconf 98' lang='lat' dir='ltr'>„Qu</span> <span class='ocrx_word' id='word_1_254' title='bbox 594 3713 684 3769; x_wconf 82' lang='lat' dir='ltr'>Tull.“</span> <span class='ocrx_word' id='word_1_255' title='bbox 702 3730 729 3783; x_wconf 88' lang='lat' dir='ltr'>p.</span> <span class='ocrx_word' id='word_1_256' title='bbox 746 3713 790 3782; x_wconf 78' lang='lat'>24,</span> <span class='ocrx_word' id='word_1_257' title='bbox 809 3713 852 3768; x_wconf 79' lang='lat'>25.</span> <span class='ocrx_word' id='word_1_258' title='bbox 870 3729 899 3783; x_wconf 90' lang='lat' dir='ltr'>p.</span> <span class='ocrx_word' id='word_1_259' title='bbox 916 3710 961 3765; x_wconf 79' lang='lat'>43.</span> 
     </span>
    </p>

    <p class='ocr_par' dir='ltr' id='par_1_9' title="bbox 293 3799 1260 3958">
     <span class='ocr_line' id='line_1_34' title="bbox 293 3799 1260 3870; baseline -0.009 -13"><span class='ocrx_word' id='word_1_260' title='bbox 293 3803 320 3868; x_wconf 85' lang='lat'>3)</span> <span class='ocrx_word' id='word_1_261' title='bbox 339 3801 376 3856; x_wconf 81' lang='lat' dir='ltr'>cl.</span> <span class='ocrx_word' id='word_1_262' title='bbox 396 3801 508 3857; x_wconf 82' lang='lat' dir='ltr'>Gruber</span> <span class='ocrx_word' id='word_1_263' title='bbox 527 3801 681 3868; x_wconf 86' lang='lat' dir='ltr'>„Quaestio</span> <span class='ocrx_word' id='word_1_264' title='bbox 699 3800 733 3854; x_wconf 90' lang='lat' dir='ltr'>de</span> <span class='ocrx_word' id='word_1_265' title='bbox 751 3803 835 3870; x_wconf 89' lang='lat' dir='ltr'>temp.</span> <span class='ocrx_word' id='word_1_266' title='bbox 854 3804 924 3855; x_wconf 87' lang='lat' dir='ltr'>etc.“</span> <span class='ocrx_word' id='word_1_267' title='bbox 943 3817 971 3870; x_wconf 91' lang='lat' dir='ltr'>p.</span> <span class='ocrx_word' id='word_1_268' title='bbox 991 3800 1031 3866; x_wconf 80' lang='lat'>14,</span> <span class='ocrx_word' id='word_1_269' title='bbox 1050 3814 1095 3868; x_wconf 82' lang='lat' dir='ltr'>ep.</span> <span class='ocrx_word' id='word_1_270' title='bbox 1111 3799 1164 3854; x_wconf 80' lang='lat'>268</span> <span class='ocrx_word' id='word_1_271' title='bbox 1182 3812 1260 3866; x_wconf 85' lang='lat' dir='ltr'>sequ.</span> 
     </span>
     <span class='ocr_line' id='line_1_35' title="bbox 293 3885 1039 3958; baseline -0.008 -14"><span class='ocrx_word' id='word_1_272' title='bbox 293 3889 320 3958; x_wconf 81' lang='lat'>4)</span> <span class='ocrx_word' id='word_1_273' title='bbox 339 3889 421 3944; x_wconf 83' lang='lat' dir='ltr'>Hunc</span> <span class='ocrx_word' id='word_1_274' title='bbox 439 3889 530 3944; x_wconf 90' lang='lat' dir='ltr'>locum</span> <span class='ocrx_word' id='word_1_275' title='bbox 550 3887 684 3942; x_wconf 87' lang='lat' dir='ltr'>Bardtius</span> <span class='ocrx_word' id='word_1_276' title='bbox 702 3887 731 3942; x_wconf 89' lang='lat' dir='ltr'>in</span> <span class='ocrx_word' id='word_1_277' title='bbox 748 3903 818 3941; x_wconf 88' lang='lat' dir='ltr'>corn.</span> <span class='ocrx_word' id='word_1_278' title='bbox 838 3903 889 3942; x_wconf 86' lang='lat' dir='ltr'>sua</span> <span class='ocrx_word' id='word_1_279' title='bbox 907 3885 1039 3958; x_wconf 79' lang='lat' dir='ltr'>neglexit.</span> 
     </span>
    </p>

    <p class='ocr_par' dir='ltr' id='par_1_10' title="bbox 293 3974 852 4043">
     <span class='ocr_line' id='line_1_36' title="bbox 293 3974 852 4043; baseline -0.005 -13"><span class='ocrx_word' id='word_1_280' title='bbox 293 3977 320 4042; x_wconf 81' lang='lat' dir='ltr'>b)</span> <span class='ocrx_word' id='word_1_281' title='bbox 339 3974 376 4030; x_wconf 87' lang='lat' dir='ltr'>cf.</span> <span class='ocrx_word' id='word_1_282' title='bbox 396 3975 492 4030; x_wconf 51' lang='lat' dir='ltr'>Bardt*</span> <span class='ocrx_word' id='word_1_283' title='bbox 504 3975 574 4041; x_wconf 89' lang='lat' dir='ltr'>„Qu</span> <span class='ocrx_word' id='word_1_284' title='bbox 593 3975 681 4028; x_wconf 69' lang='lat' dir='ltr'>Tollf‘</span> <span class='ocrx_word' id='word_1_285' title='bbox 699 3991 724 4043; x_wconf 88' lang='lat' dir='ltr'>p.</span> <span class='ocrx_word' id='word_1_286' title='bbox 744 3974 787 4040; x_wconf 77' lang='grc'>29,</span> <span class='ocrx_word' id='word_1_287' title='bbox 808 3974 852 4029; x_wconf 87' lang='grc'>30.</span> 
     </span>
    </p>

    <p class='ocr_par' dir='ltr' id='par_1_11' title="bbox 294 4061 833 4134">
     <span class='ocr_line' id='line_1_37' title="bbox 294 4061 833 4134; baseline -0.006 -16"><span class='ocrx_word' id='word_1_288' title='bbox 294 4065 322 4134; x_wconf 89' lang='grc'>6)</span> <span class='ocrx_word' id='word_1_289' title='bbox 341 4062 377 4118; x_wconf 89' lang='lat' dir='ltr'>cf.</span> <span class='ocrx_word' id='word_1_290' title='bbox 395 4062 433 4116; x_wconf 85' lang='lat' dir='ltr'>ad</span> <span class='ocrx_word' id='word_1_291' title='bbox 452 4066 507 4117; x_wconf 85' lang='lat' dir='ltr'>Att.</span> <span class='ocrx_word' id='word_1_292' title='bbox 527 4064 569 4126; x_wconf 84' lang='lat'>14,</span> <span class='ocrx_word' id='word_1_293' title='bbox 588 4065 613 4130; x_wconf 88' lang='lat'>9,</span> <span class='ocrx_word' id='word_1_294' title='bbox 631 4064 648 4117; x_wconf 88' lang='grc'><strong>3</strong></span> <span class='ocrx_word' id='word_1_295' title='bbox 665 4067 693 4116; x_wconf 88' lang='lat' dir='ltr'>et</span> <span class='ocrx_word' id='word_1_296' title='bbox 710 4078 737 4132; x_wconf 89' lang='lat' dir='ltr'>p.</span> <span class='ocrx_word' id='word_1_297' title='bbox 756 4061 833 4116; x_wconf 82' lang='grc'><strong>6-7.</strong></span> 
     </span>
    </p>

    <p class='ocr_par' dir='ltr' id='par_1_12' title="bbox 294 4145 1069 4221">
     <span class='ocr_line' id='line_1_38' title="bbox 294 4145 1069 4221; baseline -0.005 -17"><span class='ocrx_word' id='word_1_298' title='bbox 294 4151 322 4221; x_wconf 77' lang='lat' dir='ltr'>i)</span> <span class='ocrx_word' id='word_1_299' title='bbox 340 4147 376 4205; x_wconf 91' lang='lat' dir='ltr'>cf.</span> <span class='ocrx_word' id='word_1_300' title='bbox 396 4149 487 4205; x_wconf 85' lang='lat' dir='ltr'>Bardt</span> <span class='ocrx_word' id='word_1_301' title='bbox 505 4149 577 4221; x_wconf 89' lang='lat' dir='ltr'>„Qu</span> <span class='ocrx_word' id='word_1_302' title='bbox 595 4149 687 4206; x_wconf 78' lang='lat' dir='ltr'>Tull.“</span> <span class='ocrx_word' id='word_1_303' title='bbox 705 4165 734 4220; x_wconf 86' lang='lat' dir='ltr'>p.</span> <span class='ocrx_word' id='word_1_304' title='bbox 751 4149 785 4206; x_wconf 81' lang='lat'>23</span> <span class='ocrx_word' id='word_1_305' title='bbox 805 4147 854 4219; x_wconf 84' lang='lat' dir='ltr'>(sd</span> <span class='ocrx_word' id='word_1_306' title='bbox 872 4145 939 4202; x_wconf 89' lang='lat' dir='ltr'>fam.</span> <span class='ocrx_word' id='word_1_307' title='bbox 960 4147 1002 4214; x_wconf 82' lang='lat'>16,</span> <span class='ocrx_word' id='word_1_308' title='bbox 1011 4147 1069 4218; x_wconf 76' lang='grc' dir='ltr'>Ι21).</span> 
     </span>
    </p>

    <p class='ocr_par' dir='ltr' id='par_1_13' title="bbox 294 4232 1035 4308">
     <span class='ocr_line' id='line_1_39' title="bbox 294 4232 1035 4308; baseline -0.008 -16"><span class='ocrx_word' id='word_1_309' title='bbox 294 4238 320 4307; x_wconf 89' lang='lat'>8)</span> <span class='ocrx_word' id='word_1_310' title='bbox 339 4237 429 4292; x_wconf 84' lang='lat' dir='ltr'>Bardt</span> <span class='ocrx_word' id='word_1_311' title='bbox 446 4234 518 4304; x_wconf 86' lang='lat' dir='ltr'>„Qu</span> <span class='ocrx_word' id='word_1_312' title='bbox 537 4236 630 4292; x_wconf 86' lang='lat' dir='ltr'>Tull.“</span> <span class='ocrx_word' id='word_1_313' title='bbox 647 4253 676 4308; x_wconf 86' lang='lat' dir='ltr'>p.</span> <span class='ocrx_word' id='word_1_314' title='bbox 694 4236 729 4292; x_wconf 84' lang='lat'>30</span> <span class='ocrx_word' id='word_1_315' title='bbox 747 4235 794 4306; x_wconf 85' lang='lat' dir='ltr'>(sd</span> <span class='ocrx_word' id='word_1_316' title='bbox 813 4235 872 4290; x_wconf 87' lang='lat' dir='ltr'>Att.</span> <span class='ocrx_word' id='word_1_317' title='bbox 891 4235 916 4302; x_wconf 83' lang='lat'>5,</span> <span class='ocrx_word' id='word_1_318' title='bbox 933 4237 977 4303; x_wconf 81' lang='lat'>21,</span> <span class='ocrx_word' id='word_1_319' title='bbox 995 4232 1035 4302; x_wconf 80' lang='lat'>4).</span> 
     </span>
    </p>
   </div>
   <div class='ocr_carea' id='block_1_7' title="bbox 0 0 1586 4762">
    <p class='ocr_par' dir='ltr' id='par_1_14' title="bbox 0 0 1586 4762">
     <span class='ocr_line' id='line_1_40' title="bbox 0 0 1586 4762; baseline 0 0"><span class='ocrx_word' id='word_1_320' title='bbox 0 0 1586 4762; x_wconf 95' lang='lat' dir='ltr'> </span> 
     </span>
    </p>
   </div>
  </div>
 </body>
</html>
